{"endpoint":"bulk_binance_liquidations","access_tier":"quant_elite","total_records":33697418,"returned":10000,"limit":10000,"offset":0,"has_more":true,"next_offset":10000,"filters":{"start":null,"end":null,"symbol":null,"side":null,"min_usd":null},"data":[{"symbol":"AI","side":"SELL","price":0.02234,"avg_price":0.02263,"qty":541.0,"usd_size":12.085939999999999,"trade_time":1773241207098},{"symbol":"PLAY","side":"SELL","price":0.03668,"avg_price":0.03722,"qty":162.0,"usd_size":5.942159999999999,"trade_time":1773241204292},{"symbol":"PIXEL","side":"BUY","price":0.0149133,"avg_price":0.0146956,"qty":89596.0,"usd_size":1336.1720268000001,"trade_time":1773241200637},{"symbol":"GOAT","side":"SELL","price":0.0186,"avg_price":0.01891,"qty":578.0,"usd_size":10.7508,"trade_time":1773241200578},{"symbol":"DAM","side":"BUY","price":0.03879,"avg_price":0.03725,"qty":174.0,"usd_size":6.74946,"trade_time":1773241191726},{"symbol":"KAVA","side":"BUY","price":0.0655,"avg_price":0.0648,"qty":116.9,"usd_size":7.656950000000001,"trade_time":1773241191726},{"symbol":"ARIA","side":"BUY","price":0.14639,"avg_price":0.14459,"qty":58.0,"usd_size":8.49062,"trade_time":1773241191726},{"symbol":"SIREN","side":"BUY","price":0.51474,"avg_price":0.50836,"qty":17.0,"usd_size":8.75058,"trade_time":1773241191726},{"symbol":"ACX","side":"BUY","price":0.05709,"avg_price":0.05618,"qty":611.7,"usd_size":34.921953,"trade_time":1773241191230},{"symbol":"TNSR","side":"SELL","price":0.04647,"avg_price":0.0470959,"qty":21322.1,"usd_size":990.8379869999999,"trade_time":1773241188604},{"symbol":"ACX","side":"BUY","price":0.05682,"avg_price":0.0558659,"qty":29994.8,"usd_size":1704.304536,"trade_time":1773241187101},{"symbol":"ARIA","side":"BUY","price":0.14674,"avg_price":0.1447358,"qty":4165.0,"usd_size":611.1721,"trade_time":1773241185584},{"symbol":"BTC","side":"SELL","price":70183.6,"avg_price":70461.8,"qty":0.002,"usd_size":140.36720000000003,"trade_time":1773241185154},{"symbol":"MORPHO","side":"SELL","price":1.948,"avg_price":1.9667886,"qty":266.9,"usd_size":519.9212,"trade_time":1773241183584},{"symbol":"ETHUSDC","side":"SELL","price":2051.93,"avg_price":2060.08,"qty":0.902,"usd_size":1850.8408599999998,"trade_time":1773241180535},{"symbol":"BTC","side":"SELL","price":70191.4,"avg_price":70472.3,"qty":0.01,"usd_size":701.914,"trade_time":1773241180433},{"symbol":"SOL","side":"SELL","price":85.95,"avg_price":86.35,"qty":2.09,"usd_size":179.6355,"trade_time":1773241180425},{"symbol":"1000PEPEUSDC","side":"SELL","price":0.0032905,"avg_price":0.00334,"qty":2622.0,"usd_size":8.627691,"trade_time":1773241180412},{"symbol":"XRP","side":"SELL","price":1.3836,"avg_price":1.3903,"qty":34.9,"usd_size":48.287639999999996,"trade_time":1773241179585},{"symbol":"ETH","side":"SELL","price":2052.01,"avg_price":2059.89,"qty":1.958,"usd_size":4017.8355800000004,"trade_time":1773241179445},{"symbol":"BTC","side":"SELL","price":70225.7,"avg_price":70466.3,"qty":0.308,"usd_size":21629.5156,"trade_time":1773241179227},{"symbol":"DOGE","side":"SELL","price":0.09273,"avg_price":0.093289,"qty":223743.0,"usd_size":20747.688390000003,"trade_time":1773241178760},{"symbol":"SOL","side":"SELL","price":85.99,"avg_price":86.35,"qty":7.04,"usd_size":605.3696,"trade_time":1773241178345},{"symbol":"ETH","side":"SELL","price":2052.46,"avg_price":2060.47,"qty":0.03,"usd_size":61.5738,"trade_time":1773241177106},{"symbol":"BTC","side":"SELL","price":70250.1,"avg_price":70502.3,"qty":0.361,"usd_size":25360.2861,"trade_time":1773241176656},{"symbol":"ETH","side":"SELL","price":2053.24,"avg_price":2060.66,"qty":0.01,"usd_size":20.5324,"trade_time":1773241175561},{"symbol":"ACX","side":"BUY","price":0.05679,"avg_price":0.0555872,"qty":4755.7,"usd_size":270.07620299999996,"trade_time":1773241172160},{"symbol":"BTC","side":"SELL","price":70301.9,"avg_price":70571.5,"qty":0.028,"usd_size":1968.4532,"trade_time":1773241168439},{"symbol":"GRT","side":"SELL","price":0.02562,"avg_price":0.02587,"qty":2600.0,"usd_size":66.612,"trade_time":1773241168119},{"symbol":"ACX","side":"BUY","price":0.0567,"avg_price":0.05557,"qty":7733.8,"usd_size":438.50646,"trade_time":1773241166684},{"symbol":"ETH","side":"SELL","price":2054.56,"avg_price":2062.51,"qty":0.486,"usd_size":998.5161599999999,"trade_time":1773241165776},{"symbol":"ACX","side":"BUY","price":0.05721,"avg_price":0.0557075,"qty":9645.1,"usd_size":551.796171,"trade_time":1773241165392},{"symbol":"ETH","side":"SELL","price":2055.22,"avg_price":2062.37,"qty":0.075,"usd_size":154.14149999999998,"trade_time":1773241164302},{"symbol":"XRP","side":"SELL","price":1.3863,"avg_price":1.3932,"qty":10.0,"usd_size":13.863000000000001,"trade_time":1773241159323},{"symbol":"JELLYJELLY","side":"SELL","price":0.05409,"avg_price":0.05515,"qty":129.0,"usd_size":6.97761,"trade_time":1773241141320},{"symbol":"ACX","side":"BUY","price":0.0566394,"avg_price":0.05564,"qty":1718.5,"usd_size":97.3348089,"trade_time":1773241134570},{"symbol":"ACX","side":"BUY","price":0.05861,"avg_price":0.0554979,"qty":9031.8,"usd_size":529.353798,"trade_time":1773241131670},{"symbol":"ACX","side":"BUY","price":0.0572,"avg_price":0.05552,"qty":2455.8,"usd_size":140.47176000000002,"trade_time":1773241130506},{"symbol":"NIGHT","side":"SELL","price":0.0512,"avg_price":0.0518078,"qty":70464.0,"usd_size":3607.7568,"trade_time":1773241124476},{"symbol":"ZEREBRO","side":"BUY","price":0.00892,"avg_price":0.00853,"qty":40184.0,"usd_size":358.44128,"trade_time":1773241120156},{"symbol":"ZEREBRO","side":"BUY","price":0.00891,"avg_price":0.008519,"qty":12146.0,"usd_size":108.22085999999999,"trade_time":1773241118950},{"symbol":"BANANAS31","side":"SELL","price":0.007317,"avg_price":0.007409,"qty":1626.0,"usd_size":11.897442,"trade_time":1773241111425},{"symbol":"ACX","side":"BUY","price":0.05652,"avg_price":0.0557065,"qty":7204.7,"usd_size":407.20964399999997,"trade_time":1773241108256},{"symbol":"ACX","side":"BUY","price":0.0563,"avg_price":0.0555682,"qty":17231.7,"usd_size":970.1447100000001,"trade_time":1773241105938},{"symbol":"BANANAS31","side":"SELL","price":0.007346,"avg_price":0.007451,"qty":13355.0,"usd_size":98.10583,"trade_time":1773241102280},{"symbol":"PIXEL","side":"BUY","price":0.014946,"avg_price":0.014711,"qty":5830.0,"usd_size":87.13517999999999,"trade_time":1773241087842},{"symbol":"ACX","side":"BUY","price":0.0563,"avg_price":0.0552254,"qty":11642.2,"usd_size":655.45586,"trade_time":1773241082873},{"symbol":"NIGHT","side":"SELL","price":0.05142,"avg_price":0.0521751,"qty":3707.0,"usd_size":190.61394,"trade_time":1773241082600},{"symbol":"ACX","side":"BUY","price":0.05583,"avg_price":0.05495,"qty":3941.0,"usd_size":220.02603,"trade_time":1773241077125},{"symbol":"ACX","side":"BUY","price":0.05558,"avg_price":0.05479,"qty":241.1,"usd_size":13.400338,"trade_time":1773241069118},{"symbol":"PHA","side":"SELL","price":0.03044,"avg_price":0.03089,"qty":6375.0,"usd_size":194.05499999999998,"trade_time":1773241068122},{"symbol":"PIXEL","side":"SELL","price":0.014426,"avg_price":0.014633,"qty":13483.0,"usd_size":194.505758,"trade_time":1773241067784},{"symbol":"TNSR","side":"SELL","price":0.04657,"avg_price":0.0471977,"qty":104602.5,"usd_size":4871.338425,"trade_time":1773241066602},{"symbol":"SIREN","side":"BUY","price":0.51432,"avg_price":0.50708,"qty":19.0,"usd_size":9.77208,"trade_time":1773241066357},{"symbol":"ZAMA","side":"BUY","price":0.0205,"avg_price":0.02025,"qty":1021.0,"usd_size":20.930500000000002,"trade_time":1773241061393},{"symbol":"ACX","side":"SELL","price":0.05365,"avg_price":0.0543232,"qty":3765.3,"usd_size":202.00834500000002,"trade_time":1773241053107},{"symbol":"ACX","side":"SELL","price":0.05387,"avg_price":0.054616,"qty":90497.7,"usd_size":4875.111099,"trade_time":1773241050272},{"symbol":"COLLECT","side":"BUY","price":0.05917,"avg_price":0.05804,"qty":474.0,"usd_size":28.04658,"trade_time":1773241049468},{"symbol":"NIGHT","side":"SELL","price":0.05157,"avg_price":0.0523,"qty":950.0,"usd_size":48.991499999999995,"trade_time":1773241048542},{"symbol":"PHA","side":"SELL","price":0.03046,"avg_price":0.03091,"qty":321.0,"usd_size":9.777660000000001,"trade_time":1773241045377},{"symbol":"ACX","side":"SELL","price":0.05422,"avg_price":0.05473,"qty":2857.3,"usd_size":154.922806,"trade_time":1773241045225},{"symbol":"US","side":"BUY","price":0.004484,"avg_price":0.004317,"qty":5396.0,"usd_size":24.195664,"trade_time":1773241045207},{"symbol":"ACX","side":"BUY","price":0.05748,"avg_price":0.0548314,"qty":56048.3,"usd_size":3221.656284,"trade_time":1773241043590},{"symbol":"PIXEL","side":"SELL","price":0.01447,"avg_price":0.014638,"qty":29252.0,"usd_size":423.27644,"trade_time":1773241038737},{"symbol":"ACX","side":"BUY","price":0.05663,"avg_price":0.0553139,"qty":89254.9,"usd_size":5054.504986999999,"trade_time":1773241036092},{"symbol":"US","side":"BUY","price":0.004443,"avg_price":0.004255,"qty":8187.0,"usd_size":36.374840999999996,"trade_time":1773241035833},{"symbol":"US","side":"BUY","price":0.004408,"avg_price":0.004259,"qty":208.0,"usd_size":0.9168639999999999,"trade_time":1773241034821},{"symbol":"PIXEL","side":"SELL","price":0.01448,"avg_price":0.014703,"qty":1515.0,"usd_size":21.9372,"trade_time":1773241032580},{"symbol":"ZEREBRO","side":"BUY","price":0.0088,"avg_price":0.008398,"qty":681.0,"usd_size":5.992800000000001,"trade_time":1773241032433},{"symbol":"ACX","side":"BUY","price":0.0564,"avg_price":0.05523,"qty":6039.9,"usd_size":340.65036,"trade_time":1773241032084},{"symbol":"PIXEL","side":"SELL","price":0.014515,"avg_price":0.0146756,"qty":19267.0,"usd_size":279.660505,"trade_time":1773241030453},{"symbol":"ACX","side":"BUY","price":0.05635,"avg_price":0.05521,"qty":3614.3,"usd_size":203.665805,"trade_time":1773241030365},{"symbol":"ZAMA","side":"BUY","price":0.0204,"avg_price":0.0202,"qty":1537.0,"usd_size":31.3548,"trade_time":1773241028186},{"symbol":"H","side":"BUY","price":0.13897,"avg_price":0.1371231,"qty":35236.0,"usd_size":4896.7469200000005,"trade_time":1773241027640},{"symbol":"MAV","side":"SELL","price":0.01586,"avg_price":0.01605,"qty":5444.0,"usd_size":86.34183999999999,"trade_time":1773241027174},{"symbol":"BANANAS31","side":"SELL","price":0.007393,"avg_price":0.0074951,"qty":600490.0,"usd_size":4439.42257,"trade_time":1773241025748},{"symbol":"MAV","side":"SELL","price":0.01593,"avg_price":0.01605,"qty":351.0,"usd_size":5.59143,"trade_time":1773241025273},{"symbol":"H","side":"BUY","price":0.13862,"avg_price":0.1367978,"qty":8200.0,"usd_size":1136.684,"trade_time":1773241024666},{"symbol":"ACX","side":"BUY","price":0.05629,"avg_price":0.0551761,"qty":36501.0,"usd_size":2054.64129,"trade_time":1773241024444},{"symbol":"ACX","side":"BUY","price":0.05761,"avg_price":0.0551366,"qty":22574.7,"usd_size":1300.528467,"trade_time":1773241022723},{"symbol":"RIVER","side":"SELL","price":14.659,"avg_price":14.875,"qty":4.9,"usd_size":71.82910000000001,"trade_time":1773241022131},{"symbol":"ACX","side":"BUY","price":0.05572,"avg_price":0.05508,"qty":5347.6,"usd_size":297.968272,"trade_time":1773241021190},{"symbol":"龙虾","side":"BUY","price":0.01975,"avg_price":0.017935,"qty":3040.0,"usd_size":60.04,"trade_time":1773241017589},{"symbol":"MAGIC","side":"SELL","price":0.06494,"avg_price":0.06589,"qty":134.0,"usd_size":8.70196,"trade_time":1773241016752},{"symbol":"ZAMA","side":"BUY","price":0.0204,"avg_price":0.02015,"qty":349.0,"usd_size":7.1196,"trade_time":1773241004126},{"symbol":"HYPE","side":"BUY","price":37.05,"avg_price":36.678,"qty":0.34,"usd_size":12.597,"trade_time":1773240995541},{"symbol":"ACX","side":"BUY","price":0.05571,"avg_price":0.0546724,"qty":11271.3,"usd_size":627.924123,"trade_time":1773240992549},{"symbol":"HYPE","side":"BUY","price":37.039,"avg_price":36.679,"qty":1.76,"usd_size":65.18864,"trade_time":1773240990567},{"symbol":"UAI","side":"BUY","price":0.2358,"avg_price":0.2325,"qty":385.0,"usd_size":90.783,"trade_time":1773240984072},{"symbol":"XAI","side":"SELL","price":0.01266,"avg_price":0.01284,"qty":6934.0,"usd_size":87.78443999999999,"trade_time":1773240970739},{"symbol":"COLLECT","side":"SELL","price":0.05468,"avg_price":0.05609,"qty":333.0,"usd_size":18.20844,"trade_time":1773240962705},{"symbol":"ETH","side":"SELL","price":2055.55,"avg_price":2063.67,"qty":0.01,"usd_size":20.555500000000002,"trade_time":1773240961288},{"symbol":"ACX","side":"BUY","price":0.0557,"avg_price":0.05448,"qty":8519.2,"usd_size":474.51944000000003,"trade_time":1773240959178},{"symbol":"ETH","side":"SELL","price":2055.63,"avg_price":2063.7,"qty":0.074,"usd_size":152.11662,"trade_time":1773240955729},{"symbol":"ACX","side":"BUY","price":0.05555,"avg_price":0.05467,"qty":2086.3,"usd_size":115.89396500000001,"trade_time":1773240947653},{"symbol":"ARC","side":"SELL","price":0.04086,"avg_price":0.04181,"qty":4642.0,"usd_size":189.67212,"trade_time":1773240947352},{"symbol":"ACX","side":"BUY","price":0.0554,"avg_price":0.05445,"qty":190.4,"usd_size":10.54816,"trade_time":1773240941091},{"symbol":"ACX","side":"BUY","price":0.05521,"avg_price":0.05432,"qty":2592.0,"usd_size":143.10432,"trade_time":1773240937535},{"symbol":"PLAY","side":"BUY","price":0.03825,"avg_price":0.03772,"qty":438.0,"usd_size":16.7535,"trade_time":1773240933404},{"symbol":"PLAY","side":"BUY","price":0.03819,"avg_price":0.0377159,"qty":2796.0,"usd_size":106.77924,"trade_time":1773240931673},{"symbol":"PLAY","side":"BUY","price":0.03817,"avg_price":0.03772,"qty":4255.0,"usd_size":162.41335,"trade_time":1773240930239},{"symbol":"LYN","side":"BUY","price":0.37464,"avg_price":0.3566984,"qty":7000.0,"usd_size":2622.48,"trade_time":1773240920602},{"symbol":"TRX","side":"BUY","price":0.29173,"avg_price":0.28986,"qty":18.0,"usd_size":5.2511399999999995,"trade_time":1773240904219},{"symbol":"RDNT","side":"SELL","price":0.00581,"avg_price":0.005916,"qty":1621.0,"usd_size":9.41801,"trade_time":1773240897136},{"symbol":"MAV","side":"SELL","price":0.01597,"avg_price":0.0161616,"qty":82485.0,"usd_size":1317.28545,"trade_time":1773240893710},{"symbol":"ACX","side":"BUY","price":0.05506,"avg_price":0.05408,"qty":37140.2,"usd_size":2044.9394119999997,"trade_time":1773240890656},{"symbol":"SAGA","side":"BUY","price":0.03516,"avg_price":0.0346721,"qty":14505.3,"usd_size":510.00634799999995,"trade_time":1773240879643},{"symbol":"PIXEL","side":"BUY","price":0.015132,"avg_price":0.014881,"qty":25845.0,"usd_size":391.08654,"trade_time":1773240876343},{"symbol":"ACX","side":"SELL","price":0.05302,"avg_price":0.0536037,"qty":46219.2,"usd_size":2450.541984,"trade_time":1773240874650},{"symbol":"PIXEL","side":"BUY","price":0.015104,"avg_price":0.0148924,"qty":13710.0,"usd_size":207.07584,"trade_time":1773240873163},{"symbol":"NIGHT","side":"BUY","price":0.05369,"avg_price":0.05299,"qty":148.0,"usd_size":7.9461200000000005,"trade_time":1773240868306},{"symbol":"ARC","side":"SELL","price":0.04099,"avg_price":0.0417678,"qty":23189.0,"usd_size":950.51711,"trade_time":1773240864567},{"symbol":"1000LUNC","side":"SELL","price":0.04123,"avg_price":0.04163,"qty":2650.0,"usd_size":109.2595,"trade_time":1773240857642},{"symbol":"XAI","side":"SELL","price":0.01267,"avg_price":0.01286,"qty":351.0,"usd_size":4.44717,"trade_time":1773240852685},{"symbol":"PIXEL","side":"BUY","price":0.014989,"avg_price":0.014788,"qty":12859.0,"usd_size":192.743551,"trade_time":1773240847229},{"symbol":"SOL","side":"SELL","price":86.13,"avg_price":86.55,"qty":144.61,"usd_size":12455.2593,"trade_time":1773240832508},{"symbol":"1000PEPE","side":"SELL","price":0.0033314,"avg_price":0.0033543,"qty":2978891.0,"usd_size":9923.8774774,"trade_time":1773240832508},{"symbol":"PIXEL","side":"SELL","price":0.014501,"avg_price":0.014701,"qty":55314.0,"usd_size":802.108314,"trade_time":1773240832153},{"symbol":"PIXEL","side":"SELL","price":0.014512,"avg_price":0.0146819,"qty":32680.0,"usd_size":474.25216,"trade_time":1773240830804},{"symbol":"MANTRA","side":"SELL","price":0.01664,"avg_price":0.01689,"qty":63356.0,"usd_size":1054.2438399999999,"trade_time":1773240828146},{"symbol":"PIXEL","side":"SELL","price":0.014554,"avg_price":0.0146975,"qty":279677.0,"usd_size":4070.419058,"trade_time":1773240828081},{"symbol":"MANTRA","side":"SELL","price":0.01666,"avg_price":0.01689,"qty":14126.0,"usd_size":235.33916000000002,"trade_time":1773240823376},{"symbol":"NIGHT","side":"SELL","price":0.05189,"avg_price":0.05263,"qty":356.0,"usd_size":18.472839999999998,"trade_time":1773240818333},{"symbol":"1000BONK","side":"SELL","price":0.005981,"avg_price":0.006035,"qty":6170.0,"usd_size":36.902770000000004,"trade_time":1773240813283},{"symbol":"SOL","side":"SELL","price":86.08,"avg_price":86.5,"qty":15.04,"usd_size":1294.6432,"trade_time":1773240812179},{"symbol":"BTC","side":"SELL","price":70343.6,"avg_price":70591.6,"qty":0.055,"usd_size":3868.898,"trade_time":1773240811703},{"symbol":"ETH","side":"SELL","price":2056.23,"avg_price":2063.94,"qty":0.072,"usd_size":148.04855999999998,"trade_time":1773240811388},{"symbol":"HUMA","side":"SELL","price":0.019465,"avg_price":0.0196283,"qty":14949.0,"usd_size":290.982285,"trade_time":1773240810416},{"symbol":"H","side":"BUY","price":0.13815,"avg_price":0.13597,"qty":49.0,"usd_size":6.769349999999999,"trade_time":1773240810300},{"symbol":"NIGHT","side":"SELL","price":0.05204,"avg_price":0.05269,"qty":1247.0,"usd_size":64.89388000000001,"trade_time":1773240810168},{"symbol":"ETH","side":"SELL","price":2056.74,"avg_price":2065.54,"qty":0.01,"usd_size":20.5674,"trade_time":1773240806770},{"symbol":"PIPPIN","side":"SELL","price":0.33267,"avg_price":0.3392176,"qty":975.0,"usd_size":324.35325,"trade_time":1773240803097},{"symbol":"PIPPIN","side":"SELL","price":0.33311,"avg_price":0.3397059,"qty":473.0,"usd_size":157.56103000000002,"trade_time":1773240800487},{"symbol":"XAI","side":"BUY","price":0.01311,"avg_price":0.01293,"qty":18419.0,"usd_size":241.47309,"trade_time":1773240799089},{"symbol":"PLAY","side":"BUY","price":0.03803,"avg_price":0.03756,"qty":1001.0,"usd_size":38.06803,"trade_time":1773240794809},{"symbol":"ACX","side":"BUY","price":0.05497,"avg_price":0.05419,"qty":926.9,"usd_size":50.951693,"trade_time":1773240792200},{"symbol":"PIPPIN","side":"SELL","price":0.33443,"avg_price":0.34095,"qty":59.0,"usd_size":19.731370000000002,"trade_time":1773240792113},{"symbol":"COLLECT","side":"SELL","price":0.05512,"avg_price":0.05645,"qty":705.0,"usd_size":38.8596,"trade_time":1773240791825},{"symbol":"BANANAS31","side":"SELL","price":0.007442,"avg_price":0.0075446,"qty":11795.0,"usd_size":87.77839,"trade_time":1773240790293},{"symbol":"DEGO","side":"BUY","price":0.6119,"avg_price":0.5849884,"qty":164.8,"usd_size":100.84112,"trade_time":1773240790293},{"symbol":"JCT","side":"SELL","price":0.002236,"avg_price":0.0022707,"qty":1677850.0,"usd_size":3751.6726000000003,"trade_time":1773240790293},{"symbol":"H","side":"BUY","price":0.13746,"avg_price":0.1359159,"qty":35260.0,"usd_size":4846.8396,"trade_time":1773240789234},{"symbol":"AKT","side":"SELL","price":0.4316,"avg_price":0.438,"qty":22.7,"usd_size":9.79732,"trade_time":1773240785233},{"symbol":"PIPPIN","side":"SELL","price":0.33504,"avg_price":0.34115,"qty":115.0,"usd_size":38.5296,"trade_time":1773240783117},{"symbol":"ACX","side":"SELL","price":0.05311,"avg_price":0.0538278,"qty":12533.5,"usd_size":665.654185,"trade_time":1773240778742},{"symbol":"PIXEL","side":"SELL","price":0.014627,"avg_price":0.014831,"qty":1152.0,"usd_size":16.850303999999998,"trade_time":1773240778384},{"symbol":"XAI","side":"BUY","price":0.01306,"avg_price":0.01287,"qty":12211.0,"usd_size":159.47566,"trade_time":1773240772499},{"symbol":"JCT","side":"SELL","price":0.002238,"avg_price":0.002284,"qty":6917.0,"usd_size":15.480246,"trade_time":1773240772177},{"symbol":"PIXEL","side":"BUY","price":0.015189,"avg_price":0.014862,"qty":5497.0,"usd_size":83.493933,"trade_time":1773240768352},{"symbol":"PIXEL","side":"BUY","price":0.015174,"avg_price":0.014933,"qty":7688.0,"usd_size":116.657712,"trade_time":1773240767309},{"symbol":"PIXEL","side":"BUY","price":0.015145,"avg_price":0.0149369,"qty":67194.0,"usd_size":1017.65313,"trade_time":1773240764182},{"symbol":"PIXEL","side":"BUY","price":0.015121,"avg_price":0.014908,"qty":25265.0,"usd_size":382.03206500000005,"trade_time":1773240762572},{"symbol":"MANTRA","side":"SELL","price":0.0167,"avg_price":0.01694,"qty":1136.0,"usd_size":18.9712,"trade_time":1773240760311},{"symbol":"PIXEL","side":"BUY","price":0.015004,"avg_price":0.01483,"qty":16710.0,"usd_size":250.71684,"trade_time":1773240758144},{"symbol":"LYN","side":"BUY","price":0.36973,"avg_price":0.3492443,"qty":113.0,"usd_size":41.77949,"trade_time":1773240758092},{"symbol":"ACX","side":"BUY","price":0.05572,"avg_price":0.05493,"qty":148.0,"usd_size":8.24656,"trade_time":1773240750420},{"symbol":"ACX","side":"SELL","price":0.05354,"avg_price":0.053766,"qty":91471.4,"usd_size":4897.378755999999,"trade_time":1773240742774},{"symbol":"PIXEL","side":"SELL","price":0.014613,"avg_price":0.014826,"qty":3333.0,"usd_size":48.705129,"trade_time":1773240739128},{"symbol":"PLAY","side":"BUY","price":0.03792,"avg_price":0.0373988,"qty":1381.0,"usd_size":52.367520000000006,"trade_time":1773240739128},{"symbol":"BERA","side":"BUY","price":0.5945,"avg_price":0.5887,"qty":37.8,"usd_size":22.4721,"trade_time":1773240731825},{"symbol":"BERA","side":"BUY","price":0.5944,"avg_price":0.5886,"qty":19.0,"usd_size":11.293600000000001,"trade_time":1773240729625},{"symbol":"ACX","side":"BUY","price":0.05572,"avg_price":0.0551229,"qty":2500.2,"usd_size":139.31114399999998,"trade_time":1773240723668},{"symbol":"ACX","side":"BUY","price":0.05569,"avg_price":0.05504,"qty":97.9,"usd_size":5.452051000000001,"trade_time":1773240722622},{"symbol":"JCT","side":"SELL","price":0.002255,"avg_price":0.0023,"qty":4131.0,"usd_size":9.315405,"trade_time":1773240718428},{"symbol":"GRIFFAIN","side":"SELL","price":0.008732,"avg_price":0.0089788,"qty":70603.0,"usd_size":616.505396,"trade_time":1773240712198},{"symbol":"HUMA","side":"SELL","price":0.019654,"avg_price":0.0198072,"qty":23970.0,"usd_size":471.10638000000006,"trade_time":1773240709385},{"symbol":"ACX","side":"BUY","price":0.05581,"avg_price":0.0545514,"qty":6576.4,"usd_size":367.02888399999995,"trade_time":1773240702821},{"symbol":"ACX","side":"BUY","price":0.05696,"avg_price":0.0546367,"qty":73474.4,"usd_size":4185.101823999999,"trade_time":1773240701663},{"symbol":"ZEREBRO","side":"BUY","price":0.0088081,"avg_price":0.00839,"qty":3311.0,"usd_size":29.1636191,"trade_time":1773240685505},{"symbol":"ACX","side":"BUY","price":0.0563524,"avg_price":0.0549911,"qty":10161.6,"usd_size":572.63054784,"trade_time":1773240685505},{"symbol":"PLAY","side":"BUY","price":0.03765,"avg_price":0.0372643,"qty":273.0,"usd_size":10.278450000000001,"trade_time":1773240684570},{"symbol":"PIXEL","side":"BUY","price":0.015108,"avg_price":0.014882,"qty":23801.0,"usd_size":359.585508,"trade_time":1773240684519},{"symbol":"ACX","side":"BUY","price":0.05616,"avg_price":0.0547883,"qty":34520.1,"usd_size":1938.648816,"trade_time":1773240684279},{"symbol":"ACX","side":"BUY","price":0.05583,"avg_price":0.05517,"qty":8550.0,"usd_size":477.3465,"trade_time":1773240683235},{"symbol":"ACX","side":"BUY","price":0.05538,"avg_price":0.05454,"qty":659.0,"usd_size":36.495419999999996,"trade_time":1773240682165},{"symbol":"ACX","side":"BUY","price":0.05521,"avg_price":0.05441,"qty":1916.8,"usd_size":105.826528,"trade_time":1773240681161},{"symbol":"LYN","side":"SELL","price":0.34233,"avg_price":0.350654,"qty":207.0,"usd_size":70.86231000000001,"trade_time":1773240679460},{"symbol":"ACX","side":"BUY","price":0.05502,"avg_price":0.0538065,"qty":12511.3,"usd_size":688.371726,"trade_time":1773240678355},{"symbol":"ACX","side":"BUY","price":0.05484,"avg_price":0.05386,"qty":481.8,"usd_size":26.421912,"trade_time":1773240675699},{"symbol":"HFT","side":"SELL","price":0.01546,"avg_price":0.0156678,"qty":15862.0,"usd_size":245.22652,"trade_time":1773240673437},{"symbol":"LYN","side":"SELL","price":0.34285,"avg_price":0.3514904,"qty":301.0,"usd_size":103.19785,"trade_time":1773240669159},{"symbol":"CYS","side":"SELL","price":0.429,"avg_price":0.44078,"qty":15.0,"usd_size":6.435,"trade_time":1773240661554},{"symbol":"ACX","side":"SELL","price":0.0525695,"avg_price":0.05331,"qty":9793.5,"usd_size":514.8393982499999,"trade_time":1773240660501},{"symbol":"PIXEL","side":"BUY","price":0.015119,"avg_price":0.0148843,"qty":122864.0,"usd_size":1857.5808160000001,"trade_time":1773240659429},{"symbol":"PIXEL","side":"SELL","price":0.014615,"avg_price":0.014827,"qty":1817.0,"usd_size":26.555455,"trade_time":1773240652678},{"symbol":"ACX","side":"BUY","price":0.05474,"avg_price":0.05364,"qty":5630.6,"usd_size":308.219044,"trade_time":1773240650520},{"symbol":"PIXEL","side":"SELL","price":0.014632,"avg_price":0.01484,"qty":6864.0,"usd_size":100.43404799999999,"trade_time":1773240648415},{"symbol":"JELLYJELLY","side":"SELL","price":0.05415,"avg_price":0.0552492,"qty":23892.0,"usd_size":1293.7518,"trade_time":1773240639118},{"symbol":"JELLYJELLY","side":"SELL","price":0.05425,"avg_price":0.0553353,"qty":4501.0,"usd_size":244.17925,"trade_time":1773240635236},{"symbol":"PIXEL","side":"BUY","price":0.015165,"avg_price":0.014944,"qty":6865.0,"usd_size":104.107725,"trade_time":1773240629591},{"symbol":"BEAT","side":"BUY","price":0.4116,"avg_price":0.4040456,"qty":151.0,"usd_size":62.1516,"trade_time":1773240616311},{"symbol":"PIXEL","side":"SELL","price":0.014663,"avg_price":0.014866,"qty":3297.0,"usd_size":48.343911000000006,"trade_time":1773240615773},{"symbol":"ROBO","side":"SELL","price":0.03956,"avg_price":0.04017,"qty":533.0,"usd_size":21.08548,"trade_time":1773240600739},{"symbol":"ACX","side":"BUY","price":0.05446,"avg_price":0.0536813,"qty":6421.6,"usd_size":349.72033600000003,"trade_time":1773240600146},{"symbol":"ACX","side":"BUY","price":0.05415,"avg_price":0.05369,"qty":134.5,"usd_size":7.283175,"trade_time":1773240599141},{"symbol":"ROBO","side":"SELL","price":0.03959,"avg_price":0.04017,"qty":2106.0,"usd_size":83.37654,"trade_time":1773240593214},{"symbol":"ZRO","side":"BUY","price":2.1248,"avg_price":2.1035325,"qty":370.0,"usd_size":786.176,"trade_time":1773240587159},{"symbol":"ROBO","side":"SELL","price":0.03968,"avg_price":0.0402324,"qty":34412.0,"usd_size":1365.46816,"trade_time":1773240583212},{"symbol":"ACX","side":"BUY","price":0.05407,"avg_price":0.0528,"qty":2138.1,"usd_size":115.607067,"trade_time":1773240580084},{"symbol":"ETH","side":"BUY","price":2078.24,"avg_price":2070.21,"qty":0.418,"usd_size":868.7043199999998,"trade_time":1773240578880},{"symbol":"BTC","side":"BUY","price":71064.8,"avg_price":70788.1,"qty":0.076,"usd_size":5400.9248,"trade_time":1773240571213},{"symbol":"UAI","side":"BUY","price":0.2382,"avg_price":0.234445,"qty":280.0,"usd_size":66.696,"trade_time":1773240566416},{"symbol":"PIXEL","side":"SELL","price":0.014677,"avg_price":0.0149065,"qty":2058.0,"usd_size":30.205266,"trade_time":1773240562884},{"symbol":"BANANAS31","side":"SELL","price":0.007435,"avg_price":0.007541,"qty":1251.0,"usd_size":9.301185,"trade_time":1773240559563},{"symbol":"PIXEL","side":"SELL","price":0.014733,"avg_price":0.0149041,"qty":267613.0,"usd_size":3942.7423289999997,"trade_time":1773240557418},{"symbol":"PIXEL","side":"SELL","price":0.014744,"avg_price":0.014928,"qty":1064.0,"usd_size":15.687616,"trade_time":1773240555505},{"symbol":"PIXEL","side":"SELL","price":0.014768,"avg_price":0.0149687,"qty":18295.0,"usd_size":270.18056,"trade_time":1773240553127},{"symbol":"ACX","side":"SELL","price":0.05194,"avg_price":0.05262,"qty":641.6,"usd_size":33.324704000000004,"trade_time":1773240532392},{"symbol":"PIXEL","side":"BUY","price":0.015317,"avg_price":0.015054,"qty":14589.0,"usd_size":223.45971300000002,"trade_time":1773240527221},{"symbol":"PIXEL","side":"BUY","price":0.015316,"avg_price":0.0150692,"qty":7877.0,"usd_size":120.644132,"trade_time":1773240525545},{"symbol":"PIXEL","side":"BUY","price":0.01527,"avg_price":0.0150488,"qty":114659.0,"usd_size":1750.84293,"trade_time":1773240523252},{"symbol":"ETH","side":"SELL","price":2057.7,"avg_price":2065.54,"qty":0.067,"usd_size":137.86589999999998,"trade_time":1773240522663},{"symbol":"PIXEL","side":"BUY","price":0.015225,"avg_price":0.014999,"qty":6761.0,"usd_size":102.93622500000001,"trade_time":1773240518669},{"symbol":"NIGHT","side":"BUY","price":0.05395,"avg_price":0.05314,"qty":1592.0,"usd_size":85.88839999999999,"trade_time":1773240518225},{"symbol":"PIXEL","side":"BUY","price":0.015145,"avg_price":0.0149571,"qty":96390.0,"usd_size":1459.82655,"trade_time":1773240515499},{"symbol":"PIXEL","side":"BUY","price":0.015133,"avg_price":0.0148904,"qty":219300.0,"usd_size":3318.6669,"trade_time":1773240512343},{"symbol":"PIXEL","side":"BUY","price":0.015117,"avg_price":0.0149,"qty":107933.0,"usd_size":1631.623161,"trade_time":1773240510509},{"symbol":"LYN","side":"SELL","price":0.34311,"avg_price":0.35131,"qty":57.0,"usd_size":19.557270000000003,"trade_time":1773240507235},{"symbol":"PIXEL","side":"BUY","price":0.015095,"avg_price":0.014867,"qty":381.0,"usd_size":5.751195,"trade_time":1773240506576},{"symbol":"PIXEL","side":"BUY","price":0.015075,"avg_price":0.014853,"qty":2131.0,"usd_size":32.124825,"trade_time":1773240502956},{"symbol":"EUL","side":"SELL","price":0.901,"avg_price":0.913,"qty":98.9,"usd_size":89.1089,"trade_time":1773240500694},{"symbol":"ACX","side":"BUY","price":0.05326,"avg_price":0.0526142,"qty":19173.7,"usd_size":1021.191262,"trade_time":1773240493480},{"symbol":"BEAT","side":"SELL","price":0.3942,"avg_price":0.4025,"qty":357.0,"usd_size":140.7294,"trade_time":1773240491351},{"symbol":"ACX","side":"BUY","price":0.05321,"avg_price":0.05252,"qty":1916.6,"usd_size":101.982286,"trade_time":1773240491339},{"symbol":"LYN","side":"SELL","price":0.34373,"avg_price":0.35186,"qty":2000.0,"usd_size":687.4599999999999,"trade_time":1773240491296},{"symbol":"LYN","side":"SELL","price":0.34414,"avg_price":0.35195,"qty":240.0,"usd_size":82.5936,"trade_time":1773240486284},{"symbol":"ACX","side":"SELL","price":0.05122,"avg_price":0.0518816,"qty":1519.4,"usd_size":77.82366800000001,"trade_time":1773240477176},{"symbol":"ACX","side":"SELL","price":0.05161,"avg_price":0.05174,"qty":335.2,"usd_size":17.299672,"trade_time":1773240475152},{"symbol":"LYN","side":"SELL","price":0.34433,"avg_price":0.35201,"qty":54.0,"usd_size":18.59382,"trade_time":1773240475150},{"symbol":"PIXEL","side":"SELL","price":0.014552,"avg_price":0.0147972,"qty":6646.0,"usd_size":96.712592,"trade_time":1773240457165},{"symbol":"ACX","side":"BUY","price":0.05372,"avg_price":0.05277,"qty":550.0,"usd_size":29.546,"trade_time":1773240456754},{"symbol":"PIXEL","side":"BUY","price":0.015099,"avg_price":0.014877,"qty":4446.0,"usd_size":67.130154,"trade_time":1773240449241},{"symbol":"RIVER","side":"SELL","price":14.706,"avg_price":14.92119,"qty":47.8,"usd_size":702.9467999999999,"trade_time":1773240446455},{"symbol":"PORTAL","side":"SELL","price":0.01353,"avg_price":0.013796,"qty":74068.3,"usd_size":1002.1440990000001,"trade_time":1773240446455},{"symbol":"ACX","side":"SELL","price":0.05189,"avg_price":0.05267,"qty":1428.4,"usd_size":74.119676,"trade_time":1773240438663},{"symbol":"ACX","side":"SELL","price":0.05251,"avg_price":0.05304,"qty":434.0,"usd_size":22.78934,"trade_time":1773240435239},{"symbol":"AIA","side":"SELL","price":0.09103,"avg_price":0.0933,"qty":2056.0,"usd_size":187.15768,"trade_time":1773240434275},{"symbol":"SUI","side":"SELL","price":0.9687,"avg_price":0.9783,"qty":75.3,"usd_size":72.94311,"trade_time":1773240433607},{"symbol":"PIXEL","side":"SELL","price":0.01462,"avg_price":0.014831,"qty":3443.0,"usd_size":50.336659999999995,"trade_time":1773240432783},{"symbol":"BTC","side":"SELL","price":70323.2,"avg_price":70600.0,"qty":0.003,"usd_size":210.96959999999999,"trade_time":1773240431450},{"symbol":"ACX","side":"BUY","price":0.05496,"avg_price":0.0542671,"qty":23648.3,"usd_size":1299.710568,"trade_time":1773240431161},{"symbol":"XPL","side":"SELL","price":0.1009,"avg_price":0.1018,"qty":1024.0,"usd_size":103.3216,"trade_time":1773240430207},{"symbol":"ACX","side":"BUY","price":0.05455,"avg_price":0.05407,"qty":131.4,"usd_size":7.167870000000001,"trade_time":1773240429593},{"symbol":"SAGA","side":"SELL","price":0.03394,"avg_price":0.0344109,"qty":28860.0,"usd_size":979.5083999999999,"trade_time":1773240429586},{"symbol":"ETH","side":"SELL","price":2059.27,"avg_price":2066.82,"qty":0.438,"usd_size":901.96026,"trade_time":1773240429258},{"symbol":"BTC","side":"SELL","price":70335.4,"avg_price":70618.8,"qty":0.049,"usd_size":3446.4346,"trade_time":1773240428257},{"symbol":"MAV","side":"SELL","price":0.01606,"avg_price":0.0162594,"qty":3573.0,"usd_size":57.382380000000005,"trade_time":1773240425166},{"symbol":"PIXEL","side":"SELL","price":0.014672,"avg_price":0.014866,"qty":1108.0,"usd_size":16.256576,"trade_time":1773240423781},{"symbol":"ACX","side":"BUY","price":0.05445,"avg_price":0.0533803,"qty":14825.1,"usd_size":807.226695,"trade_time":1773240421318},{"symbol":"TLM","side":"SELL","price":0.001692,"avg_price":0.001724,"qty":13006.0,"usd_size":22.006152,"trade_time":1773240420210},{"symbol":"ETH","side":"SELL","price":2060.22,"avg_price":2067.27,"qty":0.28,"usd_size":576.8616,"trade_time":1773240419474},{"symbol":"BTC","side":"SELL","price":70363.6,"avg_price":70629.6,"qty":0.015,"usd_size":1055.454,"trade_time":1773240419237},{"symbol":"PIXEL","side":"SELL","price":0.014771,"avg_price":0.014928,"qty":6628.0,"usd_size":97.902188,"trade_time":1773240410712},{"symbol":"KAITOUSDC","side":"SELL","price":0.3468,"avg_price":0.349885,"qty":5907.2,"usd_size":2048.61696,"trade_time":1773240407698},{"symbol":"PIXEL","side":"BUY","price":0.015355,"avg_price":0.015081,"qty":21624.0,"usd_size":332.03652,"trade_time":1773240401216},{"symbol":"PIXEL","side":"BUY","price":0.015318,"avg_price":0.0150516,"qty":185004.0,"usd_size":2833.891272,"trade_time":1773240400115},{"symbol":"BEAT","side":"SELL","price":0.3924,"avg_price":0.4004,"qty":17.0,"usd_size":6.670800000000001,"trade_time":1773240392094},{"symbol":"PIXEL","side":"BUY","price":0.015319,"avg_price":0.0150695,"qty":1012.0,"usd_size":15.502828,"trade_time":1773240385782},{"symbol":"ACX","side":"BUY","price":0.0544,"avg_price":0.05294,"qty":2689.2,"usd_size":146.29247999999998,"trade_time":1773240385659},{"symbol":"AIA","side":"SELL","price":0.09302,"avg_price":0.0953,"qty":612.0,"usd_size":56.92824,"trade_time":1773240385171},{"symbol":"PIXEL","side":"BUY","price":0.0153549,"avg_price":0.015163,"qty":30755.0,"usd_size":472.23994949999997,"trade_time":1773240383638},{"symbol":"BTC","side":"BUY","price":71036.1,"avg_price":70737.2,"qty":0.017,"usd_size":1207.6137,"trade_time":1773240383591},{"symbol":"ACX","side":"BUY","price":0.0542659,"avg_price":0.05309,"qty":392.2,"usd_size":21.28308598,"trade_time":1773240383530},{"symbol":"OG","side":"SELL","price":2.704,"avg_price":2.758,"qty":8.0,"usd_size":21.632,"trade_time":1773240383090},{"symbol":"GIGGLE","side":"SELL","price":27.68,"avg_price":28.08,"qty":0.73,"usd_size":20.2064,"trade_time":1773240383090},{"symbol":"WIF","side":"SELL","price":0.1678,"avg_price":0.1691,"qty":513.2,"usd_size":86.11496000000001,"trade_time":1773240383089},{"symbol":"ICP","side":"BUY","price":2.747,"avg_price":2.725,"qty":104.0,"usd_size":285.688,"trade_time":1773240382732},{"symbol":"VVV","side":"BUY","price":5.737,"avg_price":5.669,"qty":16.72,"usd_size":95.92264,"trade_time":1773240382732},{"symbol":"JCT","side":"BUY","price":0.002345,"avg_price":0.0023102,"qty":31981.0,"usd_size":74.99544499999999,"trade_time":1773240382724},{"symbol":"PIXEL","side":"BUY","price":0.015263,"avg_price":0.0152439,"qty":1149035.0,"usd_size":17537.721205,"trade_time":1773240382611},{"symbol":"PIPPIN","side":"SELL","price":0.34719,"avg_price":0.3515284,"qty":1120.0,"usd_size":388.8528,"trade_time":1773240382601},{"symbol":"PAXG","side":"SELL","price":5150.41,"avg_price":5179.82,"qty":0.043,"usd_size":221.46762999999999,"trade_time":1773240382600},{"symbol":"AIXBT","side":"SELL","price":0.0267551,"avg_price":0.02717,"qty":9920.0,"usd_size":265.410592,"trade_time":1773240382459},{"symbol":"TRUMP","side":"BUY","price":2.979,"avg_price":2.951,"qty":20.2,"usd_size":60.1758,"trade_time":1773240382443},{"symbol":"ZEREBRO","side":"SELL","price":0.00794,"avg_price":0.00827,"qty":10371.0,"usd_size":82.34573999999999,"trade_time":1773240382367},{"symbol":"PLAY","side":"BUY","price":0.03735,"avg_price":0.03687,"qty":27619.0,"usd_size":1031.5696500000001,"trade_time":1773240382353},{"symbol":"COLLECT","side":"BUY","price":0.05828,"avg_price":0.0571702,"qty":14076.0,"usd_size":820.34928,"trade_time":1773240382353},{"symbol":"龙虾","side":"BUY","price":0.019524,"avg_price":0.017838,"qty":440.0,"usd_size":8.59056,"trade_time":1773240382308},{"symbol":"XAU","side":"SELL","price":5161.94,"avg_price":5179.85,"qty":0.111,"usd_size":572.97534,"trade_time":1773240382235},{"symbol":"SOL","side":"SELL","price":86.6,"avg_price":86.77,"qty":0.06,"usd_size":5.196,"trade_time":1773240382228},{"symbol":"RIVER","side":"SELL","price":14.761,"avg_price":14.925,"qty":37.9,"usd_size":559.4418999999999,"trade_time":1773240382228},{"symbol":"DEGO","side":"BUY","price":0.6072,"avg_price":0.588663,"qty":921.3,"usd_size":559.4133599999999,"trade_time":1773240382223},{"symbol":"MYX","side":"SELL","price":0.303,"avg_price":0.3113,"qty":17.0,"usd_size":5.151,"trade_time":1773240382185},{"symbol":"POWER","side":"SELL","price":0.11787,"avg_price":0.12004,"qty":30.0,"usd_size":3.5361000000000002,"trade_time":1773240381675},{"symbol":"PHA","side":"BUY","price":0.03161,"avg_price":0.03115,"qty":3237.0,"usd_size":102.32157,"trade_time":1773240381651},{"symbol":"NAORIS","side":"BUY","price":0.0625,"avg_price":0.0613063,"qty":1736.0,"usd_size":108.5,"trade_time":1773240381651},{"symbol":"PIXEL","side":"BUY","price":0.015113,"avg_price":0.015097,"qty":33176.0,"usd_size":501.388888,"trade_time":1773240381606},{"symbol":"HYPE","side":"SELL","price":36.532,"avg_price":36.839,"qty":1.41,"usd_size":51.51011999999999,"trade_time":1773240381396},{"symbol":"CRCL","side":"SELL","price":110.81,"avg_price":116.29,"qty":5.55,"usd_size":614.9955,"trade_time":1773240381205},{"symbol":"HUMA","side":"SELL","price":0.019848,"avg_price":0.0199479,"qty":37632.0,"usd_size":746.919936,"trade_time":1773240381055},{"symbol":"ACX","side":"BUY","price":0.0538875,"avg_price":0.0529972,"qty":7061.2,"usd_size":380.51041499999997,"trade_time":1773240380730},{"symbol":"SIGN","side":"BUY","price":0.05156,"avg_price":0.05115,"qty":2042.0,"usd_size":105.28552,"trade_time":1773240380676},{"symbol":"PIPPIN","side":"BUY","price":0.35846,"avg_price":0.3514,"qty":282.0,"usd_size":101.08572,"trade_time":1773240380617},{"symbol":"PIXEL","side":"BUY","price":0.015081,"avg_price":0.015079,"qty":32486.0,"usd_size":489.92136600000003,"trade_time":1773240380602},{"symbol":"RONIN","side":"SELL","price":0.1052,"avg_price":0.1062,"qty":2335.4,"usd_size":245.68408000000002,"trade_time":1773240380380},{"symbol":"RESOLV","side":"BUY","price":0.1224,"avg_price":0.1207801,"qty":41685.0,"usd_size":5102.244,"trade_time":1773240380372},{"symbol":"BTC","side":"BUY","price":71066.3,"avg_price":70741.7,"qty":0.004,"usd_size":284.2652,"trade_time":1773240380347},{"symbol":"FLOW","side":"BUY","price":0.06139,"avg_price":0.0586432,"qty":168186.5,"usd_size":10324.969235,"trade_time":1773240380116},{"symbol":"BLUAI","side":"SELL","price":0.0065004,"avg_price":0.006845,"qty":2033.0,"usd_size":13.2153132,"trade_time":1773240380010},{"symbol":"BEAMX","side":"SELL","price":0.002074,"avg_price":0.0020958,"qty":190046.0,"usd_size":394.155404,"trade_time":1773240379817},{"symbol":"RIVER","side":"BUY","price":15.12,"avg_price":14.929,"qty":10.4,"usd_size":157.248,"trade_time":1773240379770},{"symbol":"1000PEPE","side":"SELL","price":0.0033487,"avg_price":0.0033638,"qty":89909.0,"usd_size":301.0782683,"trade_time":1773240379675},{"symbol":"COLLECT","side":"BUY","price":0.05818,"avg_price":0.0571578,"qty":927.0,"usd_size":53.932860000000005,"trade_time":1773240379675},{"symbol":"ROBO","side":"SELL","price":0.03989,"avg_price":0.04038,"qty":1478.0,"usd_size":58.957420000000006,"trade_time":1773240379675},{"symbol":"龙虾","side":"BUY","price":0.019219,"avg_price":0.017838,"qty":940.0,"usd_size":18.06586,"trade_time":1773240379675},{"symbol":"DEGO","side":"BUY","price":0.6124,"avg_price":0.588738,"qty":138.6,"usd_size":84.87864,"trade_time":1773240379675},{"symbol":"XAI","side":"BUY","price":0.01286,"avg_price":0.01273,"qty":1893.0,"usd_size":24.34398,"trade_time":1773240379668},{"symbol":"JCT","side":"BUY","price":0.002342,"avg_price":0.0023105,"qty":37780.0,"usd_size":88.48075999999999,"trade_time":1773240379668},{"symbol":"PLAY","side":"SELL","price":0.03668,"avg_price":0.0369,"qty":149.0,"usd_size":5.465319999999999,"trade_time":1773240379609},{"symbol":"ENA","side":"BUY","price":0.1065,"avg_price":0.1058,"qty":3621.0,"usd_size":385.6365,"trade_time":1773240379608},{"symbol":"PIXEL","side":"BUY","price":1e-06,"avg_price":1e-06,"qty":45.0,"usd_size":4.4999999999999996e-05,"trade_time":1773240379601},{"symbol":"NIGHT","side":"BUY","price":0.05329,"avg_price":0.053,"qty":21380.0,"usd_size":1139.3401999999999,"trade_time":1773240379553},{"symbol":"DENT","side":"BUY","price":0.00023,"avg_price":0.000228,"qty":335993.0,"usd_size":77.27839,"trade_time":1773240379414},{"symbol":"TRX","side":"SELL","price":0.28797,"avg_price":0.28967,"qty":2230.0,"usd_size":642.1731,"trade_time":1773240379414},{"symbol":"DOGS","side":"BUY","price":3.24e-05,"avg_price":3.2e-05,"qty":699857.0,"usd_size":22.675366800000003,"trade_time":1773240379414},{"symbol":"DOGE","side":"SELL","price":0.09339,"avg_price":0.09392,"qty":359.0,"usd_size":33.52701,"trade_time":1773240379414},{"symbol":"XRP","side":"BUY","price":1.4057,"avg_price":1.3995,"qty":378.0,"usd_size":531.3546,"trade_time":1773240379374},{"symbol":"PIPPIN","side":"SELL","price":0.34511,"avg_price":0.3518,"qty":54.0,"usd_size":18.635939999999998,"trade_time":1773240379303},{"symbol":"JELLYJELLY","side":"SELL","price":0.05462,"avg_price":0.05561,"qty":379.0,"usd_size":20.70098,"trade_time":1773240379303},{"symbol":"BTC","side":"BUY","price":70745.8,"avg_price":70745.8,"qty":0.003,"usd_size":212.2374,"trade_time":1773240379298},{"symbol":"BLESS","side":"SELL","price":0.00571,"avg_price":0.00571,"qty":264281.0,"usd_size":1509.04451,"trade_time":1773240379257},{"symbol":"NAORIS","side":"BUY","price":0.06207,"avg_price":0.06133,"qty":176.0,"usd_size":10.92432,"trade_time":1773240379218},{"symbol":"ETH","side":"BUY","price":2078.29,"avg_price":2070.68,"qty":1.5,"usd_size":3117.435,"trade_time":1773240379149},{"symbol":"BULLA","side":"SELL","price":0.00873,"avg_price":0.00909,"qty":611.0,"usd_size":5.33403,"trade_time":1773240379144},{"symbol":"ACX","side":"SELL","price":0.05251,"avg_price":0.052782,"qty":16832.4,"usd_size":883.8693240000001,"trade_time":1773240378926},{"symbol":"PIXEL","side":"BUY","price":0.01463,"avg_price":0.01463,"qty":19940.0,"usd_size":291.7222,"trade_time":1773240378595},{"symbol":"BEAT","side":"SELL","price":0.3934,"avg_price":0.4013,"qty":419.0,"usd_size":164.83460000000002,"trade_time":1773240377727},{"symbol":"MAV","side":"SELL","price":0.01616,"avg_price":0.0163382,"qty":30138.0,"usd_size":487.03008,"trade_time":1773240377688},{"symbol":"PIXEL","side":"BUY","price":0.014595,"avg_price":0.014595,"qty":122297.0,"usd_size":1784.924715,"trade_time":1773240377576},{"symbol":"MAV","side":"SELL","price":0.01616,"avg_price":0.01631,"qty":4098.0,"usd_size":66.22368,"trade_time":1773240375120},{"symbol":"ACX","side":"BUY","price":0.05436,"avg_price":0.05267,"qty":943.3,"usd_size":51.277787999999994,"trade_time":1773240374159},{"symbol":"PIXEL","side":"BUY","price":0.014576,"avg_price":0.0143129,"qty":10732.0,"usd_size":156.429632,"trade_time":1773240372899},{"symbol":"BEAT","side":"SELL","price":0.3942,"avg_price":0.4016,"qty":50.0,"usd_size":19.71,"trade_time":1773240372479},{"symbol":"PIXEL","side":"BUY","price":0.014543,"avg_price":0.014359,"qty":6527.0,"usd_size":94.922161,"trade_time":1773240370532},{"symbol":"ACX","side":"BUY","price":0.0541,"avg_price":0.05314,"qty":817.9,"usd_size":44.24839,"trade_time":1773240370273},{"symbol":"PIXEL","side":"BUY","price":0.014511,"avg_price":0.014344,"qty":2570.0,"usd_size":37.29327,"trade_time":1773240369200},{"symbol":"COLLECT","side":"SELL","price":0.05561,"avg_price":0.0568601,"qty":17496.0,"usd_size":972.95256,"trade_time":1773240368794},{"symbol":"BTC","side":"BUY","price":71211.3,"avg_price":70893.4,"qty":4.119,"usd_size":293319.3447,"trade_time":1773240365537},{"symbol":"MAV","side":"SELL","price":0.01624,"avg_price":0.01645,"qty":2220.0,"usd_size":36.052800000000005,"trade_time":1773240365504},{"symbol":"ETH","side":"BUY","price":2084.07,"avg_price":2075.11,"qty":2.59,"usd_size":5397.7413,"trade_time":1773240365085},{"symbol":"DOGE","side":"BUY","price":0.09472,"avg_price":0.09417,"qty":60204.0,"usd_size":5702.5228799999995,"trade_time":1773240364863},{"symbol":"ETHUSDC","side":"BUY","price":2083.19,"avg_price":2075.14,"qty":4.716,"usd_size":9824.324040000001,"trade_time":1773240364790},{"symbol":"HYPE","side":"BUY","price":37.349,"avg_price":36.96886,"qty":300.0,"usd_size":11204.699999999999,"trade_time":1773240364267},{"symbol":"BTC","side":"BUY","price":71197.9,"avg_price":70933.93,"qty":0.165,"usd_size":11747.6535,"trade_time":1773240364193},{"symbol":"SOL","side":"BUY","price":87.5,"avg_price":87.11,"qty":1.15,"usd_size":100.62499999999999,"trade_time":1773240364192},{"symbol":"ETH","side":"BUY","price":2083.32,"avg_price":2076.19,"qty":0.1,"usd_size":208.33200000000002,"trade_time":1773240364060},{"symbol":"FRAX","side":"BUY","price":0.6326,"avg_price":0.623,"qty":54.0,"usd_size":34.1604,"trade_time":1773240363370},{"symbol":"BNB","side":"BUY","price":654.08,"avg_price":651.2,"qty":0.77,"usd_size":503.64160000000004,"trade_time":1773240363276},{"symbol":"PIXEL","side":"BUY","price":0.014376,"avg_price":0.014217,"qty":435.0,"usd_size":6.25356,"trade_time":1773240363255},{"symbol":"ACX","side":"BUY","price":0.0538,"avg_price":0.0528998,"qty":7930.2,"usd_size":426.64476,"trade_time":1773240363255},{"symbol":"MAV","side":"SELL","price":0.0163,"avg_price":0.0164453,"qty":1633.0,"usd_size":26.6179,"trade_time":1773240362418},{"symbol":"RDNT","side":"BUY","price":0.00636,"avg_price":0.006265,"qty":24760.0,"usd_size":157.4736,"trade_time":1773240361697},{"symbol":"SOL","side":"BUY","price":87.46,"avg_price":87.0341,"qty":296.08,"usd_size":25895.156799999997,"trade_time":1773240361476},{"symbol":"HYPE","side":"BUY","price":37.32,"avg_price":36.97149,"qty":494.2,"usd_size":18443.543999999998,"trade_time":1773240361476},{"symbol":"ETH","side":"BUY","price":2082.42,"avg_price":2074.48,"qty":0.039,"usd_size":81.21438,"trade_time":1773240361076},{"symbol":"RIVER","side":"SELL","price":14.698,"avg_price":14.93,"qty":32.9,"usd_size":483.56419999999997,"trade_time":1773240359513},{"symbol":"MAV","side":"SELL","price":0.01635,"avg_price":0.0165,"qty":888.0,"usd_size":14.5188,"trade_time":1773240359481},{"symbol":"ETH","side":"BUY","price":2082.21,"avg_price":2073.9,"qty":2.145,"usd_size":4466.34045,"trade_time":1773240358708},{"symbol":"MAV","side":"SELL","price":0.01643,"avg_price":0.01653,"qty":13069.0,"usd_size":214.72367,"trade_time":1773240358142},{"symbol":"HYPE","side":"BUY","price":37.319,"avg_price":36.921,"qty":0.87,"usd_size":32.467530000000004,"trade_time":1773240353829},{"symbol":"PIXEL","side":"BUY","price":0.014462,"avg_price":0.014247,"qty":14093.0,"usd_size":203.812966,"trade_time":1773240353528},{"symbol":"HYPE","side":"BUY","price":37.298,"avg_price":36.945,"qty":10.29,"usd_size":383.79642,"trade_time":1773240351807},{"symbol":"PIXEL","side":"BUY","price":0.014448,"avg_price":0.01425,"qty":1640.0,"usd_size":23.69472,"trade_time":1773240350404},{"symbol":"ACX","side":"SELL","price":0.05218,"avg_price":0.05273,"qty":604.7,"usd_size":31.553246,"trade_time":1773240350385},{"symbol":"ACX","side":"BUY","price":0.05385,"avg_price":0.05324,"qty":142.3,"usd_size":7.662855000000001,"trade_time":1773240344496},{"symbol":"MAV","side":"SELL","price":0.01659,"avg_price":0.0167459,"qty":4266.0,"usd_size":70.77294,"trade_time":1773240342307},{"symbol":"RESOLV","side":"BUY","price":0.12269,"avg_price":0.1209054,"qty":3790.0,"usd_size":464.9951,"trade_time":1773240337943},{"symbol":"DOGE","side":"BUY","price":0.09463,"avg_price":0.09404,"qty":117.0,"usd_size":11.071710000000001,"trade_time":1773240334708},{"symbol":"BTC","side":"BUY","price":71158.2,"avg_price":70887.4,"qty":0.024,"usd_size":1707.7968,"trade_time":1773240333963},{"symbol":"BTC","side":"BUY","price":71145.3,"avg_price":70890.2,"qty":0.216,"usd_size":15367.3848,"trade_time":1773240332892},{"symbol":"PIXEL","side":"BUY","price":0.014459,"avg_price":0.01419,"qty":1322.0,"usd_size":19.114798,"trade_time":1773240313130},{"symbol":"RIF","side":"BUY","price":0.03779,"avg_price":0.03727,"qty":368.0,"usd_size":13.906719999999998,"trade_time":1773240308366},{"symbol":"RIF","side":"BUY","price":0.03778,"avg_price":0.03727,"qty":496.0,"usd_size":18.73888,"trade_time":1773240307087},{"symbol":"NIGHT","side":"BUY","price":0.05363,"avg_price":0.05285,"qty":3348.0,"usd_size":179.55324,"trade_time":1773240303009},{"symbol":"ATA","side":"BUY","price":0.0117,"avg_price":0.0116,"qty":17039.0,"usd_size":199.3563,"trade_time":1773240302111},{"symbol":"ROBO","side":"BUY","price":0.04125,"avg_price":0.04067,"qty":143.0,"usd_size":5.898750000000001,"trade_time":1773240300672},{"symbol":"BEAT","side":"SELL","price":0.3954,"avg_price":0.4033757,"qty":33.0,"usd_size":13.0482,"trade_time":1773240286626},{"symbol":"BEAT","side":"SELL","price":0.3958,"avg_price":0.4031,"qty":49.0,"usd_size":19.394199999999998,"trade_time":1773240282272},{"symbol":"RIF","side":"BUY","price":0.03772,"avg_price":0.03718,"qty":498.0,"usd_size":18.78456,"trade_time":1773240275383},{"symbol":"BERA","side":"BUY","price":0.5912,"avg_price":0.585,"qty":45.3,"usd_size":26.781359999999996,"trade_time":1773240273342},{"symbol":"ACX","side":"BUY","price":0.05432,"avg_price":0.0531533,"qty":3460.4,"usd_size":187.968928,"trade_time":1773240270633},{"symbol":"ACX","side":"BUY","price":0.05413,"avg_price":0.0530921,"qty":3790.7,"usd_size":205.19059099999998,"trade_time":1773240266125},{"symbol":"ACX","side":"BUY","price":0.05388,"avg_price":0.0530054,"qty":10851.8,"usd_size":584.694984,"trade_time":1773240264333},{"symbol":"IDOL","side":"BUY","price":0.02255,"avg_price":0.02223,"qty":737.0,"usd_size":16.61935,"trade_time":1773240261278},{"symbol":"GRIFFAIN","side":"BUY","price":0.009828,"avg_price":0.00967,"qty":9063.0,"usd_size":89.071164,"trade_time":1773240260479},{"symbol":"PIXEL","side":"SELL","price":0.013907,"avg_price":0.0141159,"qty":63243.0,"usd_size":879.520401,"trade_time":1773240256427},{"symbol":"BERA","side":"BUY","price":0.5899,"avg_price":0.5848,"qty":299.8,"usd_size":176.85202,"trade_time":1773240253586},{"symbol":"PIXEL","side":"SELL","price":0.013958,"avg_price":0.0141485,"qty":42560.0,"usd_size":594.05248,"trade_time":1773240252328},{"symbol":"HUMA","side":"BUY","price":0.02024,"avg_price":0.0200516,"qty":57921.0,"usd_size":1172.32104,"trade_time":1773240249374},{"symbol":"PLAY","side":"BUY","price":0.03804,"avg_price":0.0374942,"qty":207.0,"usd_size":7.87428,"trade_time":1773240247614},{"symbol":"VVV","side":"BUY","price":5.798738,"avg_price":5.72,"qty":5.21,"usd_size":30.21142498,"trade_time":1773240244967},{"symbol":"PORTAL","side":"SELL","price":0.0135437,"avg_price":0.01382,"qty":5759.2,"usd_size":78.00087704,"trade_time":1773240244440},{"symbol":"VVV","side":"BUY","price":5.786,"avg_price":5.707003,"qty":221.14,"usd_size":1279.5160399999997,"trade_time":1773240229081},{"symbol":"ETH","side":"BUY","price":2081.67,"avg_price":2072.45,"qty":0.026,"usd_size":54.123419999999996,"trade_time":1773240227785},{"symbol":"CHR","side":"SELL","price":0.0156,"avg_price":0.0158,"qty":1939.0,"usd_size":30.2484,"trade_time":1773240225414},{"symbol":"BNB","side":"BUY","price":653.49,"avg_price":650.37,"qty":0.08,"usd_size":52.2792,"trade_time":1773240225414},{"symbol":"AIOT","side":"SELL","price":0.02301,"avg_price":0.02346,"qty":1211.0,"usd_size":27.865109999999998,"trade_time":1773240225414},{"symbol":"ETH","side":"BUY","price":2081.34,"avg_price":2073.31,"qty":0.036,"usd_size":74.92824,"trade_time":1773240225414},{"symbol":"SOL","side":"BUY","price":87.36,"avg_price":86.94,"qty":2.37,"usd_size":207.0432,"trade_time":1773240225414},{"symbol":"NAORIS","side":"BUY","price":0.06277,"avg_price":0.0617312,"qty":1751.0,"usd_size":109.91027000000001,"trade_time":1773240225414},{"symbol":"BTC","side":"BUY","price":71117.0,"avg_price":70842.4,"qty":0.009,"usd_size":640.053,"trade_time":1773240225414},{"symbol":"ACX","side":"BUY","price":0.05367,"avg_price":0.0531148,"qty":31293.9,"usd_size":1679.543613,"trade_time":1773240222797},{"symbol":"ETH","side":"BUY","price":2081.45,"avg_price":2072.4,"qty":22.503,"usd_size":46838.86934999999,"trade_time":1773240217560},{"symbol":"ETH","side":"BUY","price":2081.15,"avg_price":2073.17,"qty":0.89,"usd_size":1852.2235,"trade_time":1773240215442},{"symbol":"BTC","side":"BUY","price":71123.7,"avg_price":70852.0,"qty":0.042,"usd_size":2987.1954,"trade_time":1773240215308},{"symbol":"VVV","side":"BUY","price":5.776,"avg_price":5.695,"qty":1.48,"usd_size":8.54848,"trade_time":1773240215133},{"symbol":"ETH","side":"BUY","price":2080.61,"avg_price":2072.58,"qty":0.514,"usd_size":1069.43354,"trade_time":1773240214200},{"symbol":"RDNT","side":"SELL","price":0.00586,"avg_price":0.0059612,"qty":165286.0,"usd_size":968.57596,"trade_time":1773240198319},{"symbol":"ACX","side":"SELL","price":0.05195,"avg_price":0.0527,"qty":1078.8,"usd_size":56.04366,"trade_time":1773240198146},{"symbol":"ACX","side":"SELL","price":0.05212,"avg_price":0.05277,"qty":5234.3,"usd_size":272.811716,"trade_time":1773240195700},{"symbol":"ACX","side":"SELL","price":0.05238,"avg_price":0.0531888,"qty":4552.3,"usd_size":238.449474,"trade_time":1773240191751},{"symbol":"PIXEL","side":"SELL","price":0.01398,"avg_price":0.0141675,"qty":204600.0,"usd_size":2860.308,"trade_time":1773240188591},{"symbol":"JST","side":"BUY","price":0.053048,"avg_price":0.052538,"qty":252.0,"usd_size":13.368096,"trade_time":1773240187701},{"symbol":"RIF","side":"BUY","price":0.03759,"avg_price":0.03712,"qty":354.0,"usd_size":13.306859999999999,"trade_time":1773240186780},{"symbol":"GRIFFAIN","side":"BUY","price":0.009643,"avg_price":0.0095094,"qty":4232.0,"usd_size":40.809176,"trade_time":1773240186580},{"symbol":"PIXEL","side":"SELL","price":0.013999,"avg_price":0.0141715,"qty":139606.0,"usd_size":1954.344394,"trade_time":1773240186407},{"symbol":"PIXEL","side":"SELL","price":0.014025,"avg_price":0.0142202,"qty":30481.0,"usd_size":427.496025,"trade_time":1773240184642},{"symbol":"PIXEL","side":"SELL","price":0.01403,"avg_price":0.014214,"qty":3330.0,"usd_size":46.7199,"trade_time":1773240183398},{"symbol":"RDNT","side":"SELL","price":0.00593,"avg_price":0.0059892,"qty":316661.0,"usd_size":1877.7997300000002,"trade_time":1773240183066},{"symbol":"RIF","side":"BUY","price":0.03758,"avg_price":0.03708,"qty":146.0,"usd_size":5.486680000000001,"trade_time":1773240182530},{"symbol":"PIXEL","side":"SELL","price":0.014044,"avg_price":0.0142327,"qty":348456.0,"usd_size":4893.716063999999,"trade_time":1773240180203},{"symbol":"RDNT","side":"SELL","price":0.00596,"avg_price":0.0060458,"qty":48410.0,"usd_size":288.5236,"trade_time":1773240178586},{"symbol":"ACX","side":"BUY","price":0.05519,"avg_price":0.0534871,"qty":3860.4,"usd_size":213.05547600000003,"trade_time":1773240177651},{"symbol":"PIXEL","side":"SELL","price":0.014076,"avg_price":0.014268,"qty":2860.0,"usd_size":40.25736,"trade_time":1773240177226},{"symbol":"ACX","side":"BUY","price":0.05502,"avg_price":0.0534173,"qty":7197.4,"usd_size":396.000948,"trade_time":1773240176227},{"symbol":"ACX","side":"BUY","price":0.055,"avg_price":0.0534623,"qty":20574.5,"usd_size":1131.5975,"trade_time":1773240171428},{"symbol":"ACX","side":"BUY","price":0.05451,"avg_price":0.0534,"qty":23220.5,"usd_size":1265.7494550000001,"trade_time":1773240170210},{"symbol":"MAV","side":"SELL","price":0.01658,"avg_price":0.0167928,"qty":48866.0,"usd_size":810.1982800000001,"trade_time":1773240163436},{"symbol":"RIVER","side":"BUY","price":15.233,"avg_price":15.014,"qty":6.9,"usd_size":105.10770000000001,"trade_time":1773240158488},{"symbol":"US","side":"BUY","price":0.004331,"avg_price":0.004138,"qty":4058.0,"usd_size":17.575198,"trade_time":1773240155583},{"symbol":"NAORIS","side":"BUY","price":0.06308,"avg_price":0.0619454,"qty":2075.0,"usd_size":130.891,"trade_time":1773240152941},{"symbol":"ACX","side":"BUY","price":0.05469,"avg_price":0.05336,"qty":1093.9,"usd_size":59.82539100000001,"trade_time":1773240152475},{"symbol":"ACX","side":"BUY","price":0.05439,"avg_price":0.05329,"qty":351.2,"usd_size":19.101768,"trade_time":1773240151458},{"symbol":"GALA","side":"SELL","price":0.00343,"avg_price":0.00347,"qty":27807.0,"usd_size":95.37801,"trade_time":1773240151279},{"symbol":"我踏马来了","side":"SELL","price":0.007721,"avg_price":0.007876,"qty":2702.0,"usd_size":20.862142000000002,"trade_time":1773240151279},{"symbol":"SIGN","side":"BUY","price":0.05169,"avg_price":0.05119,"qty":488.0,"usd_size":25.22472,"trade_time":1773240151279},{"symbol":"NAORIS","side":"BUY","price":0.06304,"avg_price":0.0619123,"qty":2118.0,"usd_size":133.51872,"trade_time":1773240151279},{"symbol":"ACX","side":"BUY","price":0.05401,"avg_price":0.05297,"qty":11224.9,"usd_size":606.256849,"trade_time":1773240144120},{"symbol":"LYN","side":"SELL","price":0.34492,"avg_price":0.3529799,"qty":290.0,"usd_size":100.0268,"trade_time":1773240133360},{"symbol":"ACX","side":"SELL","price":0.05176,"avg_price":0.05242,"qty":682.1,"usd_size":35.305496,"trade_time":1773240133309},{"symbol":"LYN","side":"SELL","price":0.34534,"avg_price":0.35324,"qty":55.0,"usd_size":18.9937,"trade_time":1773240129193},{"symbol":"LYN","side":"SELL","price":0.34584,"avg_price":0.35355,"qty":10.0,"usd_size":3.4583999999999997,"trade_time":1773240124124},{"symbol":"ACX","side":"BUY","price":0.05428,"avg_price":0.0527,"qty":270.6,"usd_size":14.688168000000001,"trade_time":1773240112469},{"symbol":"RDNT","side":"BUY","price":0.00631,"avg_price":0.006208,"qty":5754.0,"usd_size":36.307739999999995,"trade_time":1773240112456},{"symbol":"ACX","side":"BUY","price":0.05425,"avg_price":0.0526431,"qty":15563.3,"usd_size":844.3090249999999,"trade_time":1773240110753},{"symbol":"TRIA","side":"BUY","price":0.02903,"avg_price":0.0286494,"qty":8712.0,"usd_size":252.90936,"trade_time":1773240109333},{"symbol":"PIXEL","side":"BUY","price":0.014583,"avg_price":0.014379,"qty":3666.0,"usd_size":53.461278,"trade_time":1773240107430},{"symbol":"ZEREBRO","side":"BUY","price":0.00868,"avg_price":0.008292,"qty":1846.0,"usd_size":16.02328,"trade_time":1773240107173},{"symbol":"ACX","side":"BUY","price":0.05422,"avg_price":0.05273,"qty":259.9,"usd_size":14.091777999999998,"trade_time":1773240107173},{"symbol":"ACX","side":"BUY","price":0.05362,"avg_price":0.0527912,"qty":36610.3,"usd_size":1963.0442860000003,"trade_time":1773240105134},{"symbol":"PIXEL","side":"BUY","price":0.014611,"avg_price":0.014408,"qty":2362.0,"usd_size":34.511182000000005,"trade_time":1773240104227},{"symbol":"ACX","side":"BUY","price":0.05286,"avg_price":0.05172,"qty":121.1,"usd_size":6.401345999999999,"trade_time":1773240094156},{"symbol":"ACX","side":"BUY","price":0.05263,"avg_price":0.0517697,"qty":35794.9,"usd_size":1883.8855870000002,"trade_time":1773240092723},{"symbol":"PIXEL","side":"SELL","price":0.014127,"avg_price":0.0143178,"qty":6106.0,"usd_size":86.259462,"trade_time":1773240092445},{"symbol":"BTC","side":"SELL","price":70383.3,"avg_price":70664.8,"qty":0.087,"usd_size":6123.3471,"trade_time":1773240091742},{"symbol":"ACX","side":"BUY","price":0.05233,"avg_price":0.05181,"qty":616.4,"usd_size":32.256212,"trade_time":1773240081576},{"symbol":"MAV","side":"SELL","price":0.01673,"avg_price":0.0169405,"qty":84879.0,"usd_size":1420.0256699999998,"trade_time":1773240078353},{"symbol":"ACX","side":"BUY","price":0.0522,"avg_price":0.0515,"qty":3196.3,"usd_size":166.84686000000002,"trade_time":1773240075092},{"symbol":"ACX","side":"BUY","price":0.05197,"avg_price":0.05149,"qty":1148.5,"usd_size":59.687545,"trade_time":1773240073699},{"symbol":"RIVER","side":"SELL","price":14.74,"avg_price":14.961,"qty":0.9,"usd_size":13.266,"trade_time":1773240070729},{"symbol":"JCT","side":"BUY","price":0.002332,"avg_price":0.002332,"qty":19882.0,"usd_size":46.364824,"trade_time":1773240068232},{"symbol":"PIXEL","side":"BUY","price":0.014637,"avg_price":0.0144251,"qty":6073.0,"usd_size":88.890501,"trade_time":1773240055504},{"symbol":"龙虾","side":"BUY","price":0.019039,"avg_price":0.0174334,"qty":5577.0,"usd_size":106.180503,"trade_time":1773240043189},{"symbol":"PIXEL","side":"BUY","price":0.01463,"avg_price":0.014418,"qty":18833.0,"usd_size":275.52679,"trade_time":1773240043102},{"symbol":"PIXEL","side":"BUY","price":0.014568,"avg_price":0.0143543,"qty":5377.0,"usd_size":78.33213599999999,"trade_time":1773240037416},{"symbol":"RESOLV","side":"BUY","price":0.12068,"avg_price":0.1187946,"qty":4641.0,"usd_size":560.07588,"trade_time":1773240031108},{"symbol":"XAI","side":"SELL","price":0.01242,"avg_price":0.01258,"qty":10578.0,"usd_size":131.37876,"trade_time":1773240029395},{"symbol":"ICP","side":"BUY","price":2.75,"avg_price":2.729,"qty":55.0,"usd_size":151.25,"trade_time":1773240009818},{"symbol":"RDNT","side":"BUY","price":0.00622,"avg_price":0.006129,"qty":1958.0,"usd_size":12.17876,"trade_time":1773240008662},{"symbol":"XAI","side":"SELL","price":0.0125,"avg_price":0.0126564,"qty":219012.0,"usd_size":2737.65,"trade_time":1773240008238},{"symbol":"PIXEL","side":"SELL","price":0.014069,"avg_price":0.014274,"qty":6976.0,"usd_size":98.145344,"trade_time":1773240007400},{"symbol":"MANTRA","side":"SELL","price":0.01674,"avg_price":0.01698,"qty":5037.0,"usd_size":84.31938000000001,"trade_time":1773239999469},{"symbol":"TRIA","side":"BUY","price":0.02895,"avg_price":0.02855,"qty":666.0,"usd_size":19.2807,"trade_time":1773239998386},{"symbol":"ZEREBRO","side":"BUY","price":0.00878,"avg_price":0.008428,"qty":1579.0,"usd_size":13.86362,"trade_time":1773239977499},{"symbol":"ZEREBRO","side":"BUY","price":0.00871,"avg_price":0.008351,"qty":849.0,"usd_size":7.39479,"trade_time":1773239973138},{"symbol":"ZEREBRO","side":"BUY","price":0.0087,"avg_price":0.008324,"qty":860.0,"usd_size":7.481999999999999,"trade_time":1773239969868},{"symbol":"HYPE","side":"BUY","price":37.282,"avg_price":36.899,"qty":4.8,"usd_size":178.95359999999997,"trade_time":1773239967464},{"symbol":"ACX","side":"SELL","price":0.05028,"avg_price":0.0508019,"qty":37750.0,"usd_size":1898.07,"trade_time":1773239965319},{"symbol":"HYPE","side":"BUY","price":37.278,"avg_price":36.903,"qty":28.16,"usd_size":1049.74848,"trade_time":1773239964411},{"symbol":"RDNT","side":"BUY","price":0.00609,"avg_price":0.0060106,"qty":295450.0,"usd_size":1799.2905,"trade_time":1773239963706},{"symbol":"ZEREBRO","side":"BUY","price":0.00865,"avg_price":0.008235,"qty":9183.0,"usd_size":79.43294999999999,"trade_time":1773239960688},{"symbol":"BAND","side":"BUY","price":0.2335,"avg_price":0.23,"qty":34.5,"usd_size":8.05575,"trade_time":1773239945366},{"symbol":"ZEC","side":"BUY","price":217.65,"avg_price":215.45,"qty":1.163,"usd_size":253.12695000000002,"trade_time":1773239944956},{"symbol":"PIXEL","side":"BUY","price":0.014955,"avg_price":0.0143563,"qty":287226.0,"usd_size":4295.46483,"trade_time":1773239936208},{"symbol":"COMP","side":"BUY","price":18.99,"avg_price":18.82,"qty":76.206,"usd_size":1447.15194,"trade_time":1773239928579},{"symbol":"PIXEL","side":"BUY","price":0.014594,"avg_price":0.014367,"qty":771.0,"usd_size":11.251973999999999,"trade_time":1773239925710},{"symbol":"PIXEL","side":"BUY","price":0.014541,"avg_price":0.014368,"qty":5556.0,"usd_size":80.789796,"trade_time":1773239924473},{"symbol":"ACX","side":"BUY","price":0.05251,"avg_price":0.05173,"qty":388.3,"usd_size":20.389633,"trade_time":1773239922543},{"symbol":"CYS","side":"BUY","price":0.4742,"avg_price":0.4632479,"qty":1157.0,"usd_size":548.6494,"trade_time":1773239922499},{"symbol":"RIVER","side":"BUY","price":15.342,"avg_price":15.103,"qty":8.5,"usd_size":130.407,"trade_time":1773239920128},{"symbol":"RIVER","side":"BUY","price":15.322,"avg_price":15.106,"qty":3.0,"usd_size":45.965999999999994,"trade_time":1773239917736},{"symbol":"BTC","side":"BUY","price":71189.9,"avg_price":70878.7,"qty":0.002,"usd_size":142.3798,"trade_time":1773239917736},{"symbol":"DOGE","side":"BUY","price":0.09458,"avg_price":0.09396,"qty":815.0,"usd_size":77.0827,"trade_time":1773239917232},{"symbol":"XAU","side":"SELL","price":5158.63,"avg_price":5184.48,"qty":0.079,"usd_size":407.53177,"trade_time":1773239917138},{"symbol":"XAG","side":"SELL","price":85.16,"avg_price":85.58,"qty":2.468,"usd_size":210.17488,"trade_time":1773239917138},{"symbol":"VVV","side":"BUY","price":5.727,"avg_price":5.643012,"qty":94.54,"usd_size":541.4305800000001,"trade_time":1773239917138},{"symbol":"ETH","side":"BUY","price":2081.58,"avg_price":2072.31,"qty":0.733,"usd_size":1525.7981399999999,"trade_time":1773239917138},{"symbol":"PIPPIN","side":"BUY","price":0.35761,"avg_price":0.35026,"qty":29.0,"usd_size":10.37069,"trade_time":1773239916184},{"symbol":"PIXEL","side":"BUY","price":0.015014,"avg_price":0.014263,"qty":4898.0,"usd_size":73.538572,"trade_time":1773239915492},{"symbol":"H","side":"BUY","price":0.13693,"avg_price":0.1350177,"qty":21966.0,"usd_size":3007.80438,"trade_time":1773239910133},{"symbol":"CYS","side":"BUY","price":0.473,"avg_price":0.4623,"qty":24.0,"usd_size":11.352,"trade_time":1773239909731},{"symbol":"BTC","side":"BUY","price":71192.1,"avg_price":70909.5,"qty":0.028,"usd_size":1993.3788000000002,"trade_time":1773239904410},{"symbol":"TIA","side":"BUY","price":0.3435,"avg_price":0.3402,"qty":6513.0,"usd_size":2237.2155000000002,"trade_time":1773239904410},{"symbol":"LINK","side":"BUY","price":9.168,"avg_price":9.125,"qty":277.88,"usd_size":2547.6038399999998,"trade_time":1773239904410},{"symbol":"ETH","side":"BUY","price":2080.93,"avg_price":2072.85,"qty":0.409,"usd_size":851.1003699999999,"trade_time":1773239904395},{"symbol":"ETHUSDC","side":"BUY","price":2081.1,"avg_price":2072.96,"qty":0.05,"usd_size":104.055,"trade_time":1773239903661},{"symbol":"ETH","side":"BUY","price":2080.67,"avg_price":2072.89,"qty":1.0,"usd_size":2080.67,"trade_time":1773239903177},{"symbol":"BTC","side":"BUY","price":71200.9,"avg_price":70918.4,"qty":0.018,"usd_size":1281.6161999999997,"trade_time":1773239903050},{"symbol":"H","side":"BUY","price":0.13647,"avg_price":0.13483,"qty":49.0,"usd_size":6.68703,"trade_time":1773239901721},{"symbol":"SOL","side":"BUY","price":87.41,"avg_price":86.9887,"qty":46.39,"usd_size":4054.9499,"trade_time":1773239901640},{"symbol":"PIXEL","side":"BUY","price":0.014541,"avg_price":0.0143086,"qty":21477.0,"usd_size":312.297057,"trade_time":1773239899409},{"symbol":"RESOLV","side":"SELL","price":0.11638,"avg_price":0.1180043,"qty":10884.0,"usd_size":1266.67992,"trade_time":1773239897837},{"symbol":"SOL","side":"BUY","price":87.39,"avg_price":86.97,"qty":1.06,"usd_size":92.63340000000001,"trade_time":1773239896446},{"symbol":"PIXEL","side":"BUY","price":0.014525,"avg_price":0.0143217,"qty":15434.0,"usd_size":224.17884999999998,"trade_time":1773239896396},{"symbol":"PIXEL","side":"BUY","price":0.014968,"avg_price":0.0142958,"qty":96256.0,"usd_size":1440.759808,"trade_time":1773239894840},{"symbol":"PLAY","side":"SELL","price":0.03648,"avg_price":0.0370179,"qty":19895.0,"usd_size":725.7696,"trade_time":1773239894281},{"symbol":"ACX","side":"BUY","price":0.05324,"avg_price":0.05191,"qty":321.4,"usd_size":17.111335999999998,"trade_time":1773239893270},{"symbol":"HYPE","side":"BUY","price":37.254,"avg_price":36.903,"qty":0.23,"usd_size":8.56842,"trade_time":1773239893131},{"symbol":"HYPE","side":"BUY","price":37.221,"avg_price":36.87493,"qty":4.0,"usd_size":148.884,"trade_time":1773239891797},{"symbol":"ACX","side":"BUY","price":0.05316,"avg_price":0.05195,"qty":386.6,"usd_size":20.551656,"trade_time":1773239891364},{"symbol":"CYS","side":"BUY","price":0.4719,"avg_price":0.461825,"qty":32.0,"usd_size":15.1008,"trade_time":1773239891159},{"symbol":"IDOL","side":"BUY","price":0.02227,"avg_price":0.0219687,"qty":10323.0,"usd_size":229.89321,"trade_time":1773239889853},{"symbol":"HYPE","side":"BUY","price":37.205,"avg_price":36.849,"qty":59.79,"usd_size":2224.48695,"trade_time":1773239889560},{"symbol":"CYS","side":"BUY","price":0.4713,"avg_price":0.4608491,"qty":61.0,"usd_size":28.749299999999998,"trade_time":1773239889558},{"symbol":"HUMA","side":"BUY","price":0.020129,"avg_price":0.0199712,"qty":144277.0,"usd_size":2904.151733,"trade_time":1773239888635},{"symbol":"HYPE","side":"BUY","price":37.189,"avg_price":36.836,"qty":8.24,"usd_size":306.43736,"trade_time":1773239887556},{"symbol":"BTCUSDC","side":"BUY","price":71181.6,"avg_price":70867.4,"qty":0.401,"usd_size":28543.821600000003,"trade_time":1773239887536},{"symbol":"ACX","side":"BUY","price":0.05292,"avg_price":0.0519473,"qty":7270.3,"usd_size":384.744276,"trade_time":1773239887298},{"symbol":"1000PEPE","side":"BUY","price":0.0034079,"avg_price":0.0033815,"qty":242423.0,"usd_size":826.1533417,"trade_time":1773239886246},{"symbol":"ETH","side":"BUY","price":2080.03,"avg_price":2072.05,"qty":4.42,"usd_size":9193.732600000001,"trade_time":1773239886116},{"symbol":"ARB","side":"BUY","price":0.103,"avg_price":0.1026,"qty":8527.3,"usd_size":878.3118999999999,"trade_time":1773239885684},{"symbol":"VIRTUAL","side":"BUY","price":0.7211,"avg_price":0.7143523,"qty":1413.8,"usd_size":1019.4911799999999,"trade_time":1773239885612},{"symbol":"LINK","side":"BUY","price":9.163,"avg_price":9.121,"qty":600.0,"usd_size":5497.8,"trade_time":1773239885586},{"symbol":"SOL","side":"BUY","price":87.35,"avg_price":86.92,"qty":4.14,"usd_size":361.62899999999996,"trade_time":1773239885575},{"symbol":"IDOL","side":"BUY","price":0.02222,"avg_price":0.0219528,"qty":1644.0,"usd_size":36.52968,"trade_time":1773239885570},{"symbol":"XRPUSDC","side":"BUY","price":1.4078,"avg_price":1.401,"qty":91.8,"usd_size":129.23604,"trade_time":1773239885493},{"symbol":"HYPE","side":"BUY","price":37.175,"avg_price":36.80602,"qty":111.36,"usd_size":4139.808,"trade_time":1773239885452},{"symbol":"BTC","side":"BUY","price":71181.0,"avg_price":70900.4,"qty":0.003,"usd_size":213.543,"trade_time":1773239885149},{"symbol":"COOKIE","side":"BUY","price":0.02029,"avg_price":0.02001,"qty":3159.0,"usd_size":64.09611,"trade_time":1773239885149},{"symbol":"ETH","side":"BUY","price":2079.6,"avg_price":2072.46,"qty":0.5,"usd_size":1039.8,"trade_time":1773239885082},{"symbol":"BTCUSDC","side":"BUY","price":71158.3,"avg_price":70913.8,"qty":0.002,"usd_size":142.31660000000002,"trade_time":1773239884721},{"symbol":"PENGU","side":"BUY","price":0.007278,"avg_price":0.0072153,"qty":558686.0,"usd_size":4066.116708,"trade_time":1773239884466},{"symbol":"SOL","side":"BUY","price":87.33,"avg_price":86.94,"qty":13.95,"usd_size":1218.2534999999998,"trade_time":1773239884382},{"symbol":"DOGE","side":"BUY","price":0.09452,"avg_price":0.09395,"qty":538.0,"usd_size":50.851760000000006,"trade_time":1773239884367},{"symbol":"ETHUSDC","side":"BUY","price":2079.18,"avg_price":2071.82,"qty":1.455,"usd_size":3025.2069,"trade_time":1773239884183},{"symbol":"BTC","side":"BUY","price":71131.4,"avg_price":70879.0,"qty":0.004,"usd_size":284.5256,"trade_time":1773239884130},{"symbol":"ACX","side":"BUY","price":0.05274,"avg_price":0.0519103,"qty":9667.4,"usd_size":509.858676,"trade_time":1773239884126},{"symbol":"XRPUSDC","side":"BUY","price":1.4073,"avg_price":1.4008,"qty":24.4,"usd_size":34.338119999999996,"trade_time":1773239883719},{"symbol":"HYPE","side":"BUY","price":37.157,"avg_price":36.8,"qty":17.64,"usd_size":655.44948,"trade_time":1773239882634},{"symbol":"BTCUSDC","side":"BUY","price":71136.4,"avg_price":70841.1,"qty":0.011,"usd_size":782.5003999999999,"trade_time":1773239882276},{"symbol":"ETH","side":"BUY","price":2078.56,"avg_price":2070.3,"qty":6.151,"usd_size":12785.22256,"trade_time":1773239881428},{"symbol":"ETHUSDC","side":"BUY","price":2078.5,"avg_price":2070.78,"qty":20.0,"usd_size":41570.0,"trade_time":1773239881251},{"symbol":"H","side":"BUY","price":0.13645,"avg_price":0.13453,"qty":49.0,"usd_size":6.68605,"trade_time":1773239880517},{"symbol":"CYS","side":"BUY","price":0.4693,"avg_price":0.4581,"qty":48.0,"usd_size":22.5264,"trade_time":1773239877748},{"symbol":"PIXEL","side":"BUY","price":0.0145693,"avg_price":0.014339,"qty":7598.0,"usd_size":110.6975414,"trade_time":1773239877425},{"symbol":"ETH","side":"BUY","price":2078.24,"avg_price":2069.69,"qty":0.014,"usd_size":29.095359999999996,"trade_time":1773239877363},{"symbol":"PIXEL","side":"BUY","price":0.014583,"avg_price":0.014374,"qty":1086.0,"usd_size":15.837138000000001,"trade_time":1773239876208},{"symbol":"ARC","side":"BUY","price":0.043,"avg_price":0.04221,"qty":543.0,"usd_size":23.348999999999997,"trade_time":1773239876096},{"symbol":"RIVER","side":"SELL","price":14.825,"avg_price":15.035303,"qty":3.3,"usd_size":48.92249999999999,"trade_time":1773239876096},{"symbol":"ETH","side":"BUY","price":2077.88,"avg_price":2069.84,"qty":0.111,"usd_size":230.64468000000002,"trade_time":1773239875460},{"symbol":"SOL","side":"BUY","price":87.3,"avg_price":86.88,"qty":1.81,"usd_size":158.013,"trade_time":1773239875460},{"symbol":"BTC","side":"BUY","price":71115.2,"avg_price":70836.6,"qty":0.003,"usd_size":213.3456,"trade_time":1773239875459},{"symbol":"PIXEL","side":"BUY","price":0.014516,"avg_price":0.01434,"qty":2892.0,"usd_size":41.980272,"trade_time":1773239875164},{"symbol":"XAI","side":"BUY","price":0.01285,"avg_price":0.01271,"qty":1987.0,"usd_size":25.53295,"trade_time":1773239875106},{"symbol":"ETH","side":"BUY","price":2077.95,"avg_price":2069.83,"qty":7.523,"usd_size":15632.417849999998,"trade_time":1773239874370},{"symbol":"PIXEL","side":"BUY","price":0.014976,"avg_price":0.014392,"qty":9382.0,"usd_size":140.504832,"trade_time":1773239874158},{"symbol":"CYS","side":"BUY","price":0.4692,"avg_price":0.4577,"qty":63.0,"usd_size":29.5596,"trade_time":1773239872707},{"symbol":"ACX","side":"BUY","price":0.05262,"avg_price":0.05173,"qty":200.5,"usd_size":10.55031,"trade_time":1773239872308},{"symbol":"ETH","side":"BUY","price":2077.89,"avg_price":2069.47,"qty":0.145,"usd_size":301.29404999999997,"trade_time":1773239872230},{"symbol":"CYS","side":"BUY","price":0.4682,"avg_price":0.4575281,"qty":32.0,"usd_size":14.9824,"trade_time":1773239868161},{"symbol":"1000PEPE","side":"BUY","price":0.0033973,"avg_price":0.0033778,"qty":248526.0,"usd_size":844.3173797999999,"trade_time":1773239868150},{"symbol":"ZRO","side":"BUY","price":2.10484,"avg_price":2.0840649,"qty":1091.8,"usd_size":2298.0643119999995,"trade_time":1773239866536},{"symbol":"ETH","side":"BUY","price":2077.5,"avg_price":2069.07,"qty":0.624,"usd_size":1296.36,"trade_time":1773239863548},{"symbol":"BTC","side":"BUY","price":71123.9,"avg_price":70820.3,"qty":0.038,"usd_size":2702.7081999999996,"trade_time":1773239863075},{"symbol":"SOL","side":"BUY","price":87.28,"avg_price":86.84,"qty":7.16,"usd_size":624.9248,"trade_time":1773239861361},{"symbol":"BTC","side":"BUY","price":71119.3,"avg_price":70832.1,"qty":0.013,"usd_size":924.5509,"trade_time":1773239861065},{"symbol":"ETH","side":"BUY","price":2076.58,"avg_price":2069.54,"qty":1.769,"usd_size":3673.4700199999997,"trade_time":1773239860780},{"symbol":"BTCUSDC","side":"BUY","price":71089.1,"avg_price":70824.1,"qty":0.016,"usd_size":1137.4256,"trade_time":1773239859753},{"symbol":"SOL","side":"BUY","price":87.26,"avg_price":86.84,"qty":149.57,"usd_size":13051.4782,"trade_time":1773239859716},{"symbol":"BTC","side":"BUY","price":71081.9,"avg_price":70819.0,"qty":0.005,"usd_size":355.4095,"trade_time":1773239859204},{"symbol":"ETH","side":"BUY","price":2076.02,"avg_price":2068.45,"qty":0.113,"usd_size":234.59026,"trade_time":1773239859097},{"symbol":"ACX","side":"BUY","price":0.05258,"avg_price":0.0518929,"qty":19363.8,"usd_size":1018.148604,"trade_time":1773239858259},{"symbol":"BTC","side":"BUY","price":71076.4,"avg_price":70791.9,"qty":0.013,"usd_size":923.9931999999999,"trade_time":1773239858175},{"symbol":"ETH","side":"BUY","price":2075.33,"avg_price":2067.73,"qty":5.906,"usd_size":12256.898979999998,"trade_time":1773239857797},{"symbol":"AIA","side":"SELL","price":0.09383,"avg_price":0.095781,"qty":45804.0,"usd_size":4297.78932,"trade_time":1773239856870},{"symbol":"SOL","side":"BUY","price":87.2,"avg_price":86.79,"qty":75.85,"usd_size":6614.12,"trade_time":1773239855536},{"symbol":"BTC","side":"BUY","price":71055.5,"avg_price":70778.2,"qty":0.211,"usd_size":14992.7105,"trade_time":1773239855536},{"symbol":"ETH","side":"BUY","price":2074.84,"avg_price":2066.9,"qty":0.072,"usd_size":149.38848,"trade_time":1773239855150},{"symbol":"ETH","side":"BUY","price":2074.38,"avg_price":2065.91,"qty":0.805,"usd_size":1669.8759000000002,"trade_time":1773239853640},{"symbol":"BTC","side":"BUY","price":71056.5,"avg_price":70773.2,"qty":0.006,"usd_size":426.339,"trade_time":1773239853170},{"symbol":"BNB","side":"BUY","price":652.8,"avg_price":649.76,"qty":1.16,"usd_size":757.2479999999999,"trade_time":1773239852513},{"symbol":"DOGE","side":"BUY","price":0.09428,"avg_price":0.09366,"qty":8077.0,"usd_size":761.49956,"trade_time":1773239852513},{"symbol":"XRP","side":"BUY","price":1.4042,"avg_price":1.3973,"qty":721.6,"usd_size":1013.27072,"trade_time":1773239852513},{"symbol":"ZEC","side":"BUY","price":217.0,"avg_price":214.86,"qty":3.541,"usd_size":768.3969999999999,"trade_time":1773239852513},{"symbol":"SOL","side":"BUY","price":87.18,"avg_price":86.75,"qty":11.65,"usd_size":1015.6470000000002,"trade_time":1773239852513},{"symbol":"BTC","side":"BUY","price":71026.1,"avg_price":70763.1,"qty":0.013,"usd_size":923.3393,"trade_time":1773239852111},{"symbol":"ETH","side":"BUY","price":2073.87,"avg_price":2065.85,"qty":0.733,"usd_size":1520.14671,"trade_time":1773239852111},{"symbol":"CYS","side":"BUY","price":0.4622,"avg_price":0.4509044,"qty":445.0,"usd_size":205.679,"trade_time":1773239850288},{"symbol":"ACX","side":"SELL","price":0.05077,"avg_price":0.05141,"qty":1466.4,"usd_size":74.449128,"trade_time":1773239847116},{"symbol":"OPN","side":"BUY","price":0.3057,"avg_price":0.3014658,"qty":3918.0,"usd_size":1197.7326,"trade_time":1773239846820},{"symbol":"ACX","side":"SELL","price":0.05082,"avg_price":0.0515732,"qty":19111.6,"usd_size":971.2515119999998,"trade_time":1773239845590},{"symbol":"ACX","side":"SELL","price":0.05101,"avg_price":0.0516,"qty":110.9,"usd_size":5.657009,"trade_time":1773239844590},{"symbol":"PIXEL","side":"BUY","price":0.014434,"avg_price":0.014216,"qty":21604.0,"usd_size":311.832136,"trade_time":1773239843122},{"symbol":"ACX","side":"SELL","price":0.05102,"avg_price":0.0516001,"qty":45180.1,"usd_size":2305.088702,"trade_time":1773239843122},{"symbol":"TRIA","side":"BUY","price":0.02884,"avg_price":0.02849,"qty":10630.0,"usd_size":306.5692,"trade_time":1773239835427},{"symbol":"ACX","side":"SELL","price":0.05163,"avg_price":0.05216,"qty":3253.0,"usd_size":167.95239,"trade_time":1773239831071},{"symbol":"ACX","side":"SELL","price":0.05186,"avg_price":0.0520754,"qty":30236.3,"usd_size":1568.0545180000001,"trade_time":1773239828093},{"symbol":"KERNEL","side":"SELL","price":0.09287,"avg_price":0.094003,"qty":2299.0,"usd_size":213.50813,"trade_time":1773239823781},{"symbol":"CYS","side":"BUY","price":0.4569,"avg_price":0.4458,"qty":32.0,"usd_size":14.6208,"trade_time":1773239819652},{"symbol":"CYS","side":"BUY","price":0.4561,"avg_price":0.4457971,"qty":3144.0,"usd_size":1433.9784,"trade_time":1773239815439},{"symbol":"PIXEL","side":"BUY","price":0.014467,"avg_price":0.0141879,"qty":4072.0,"usd_size":58.909624,"trade_time":1773239810134},{"symbol":"PIXEL","side":"BUY","price":0.014463,"avg_price":0.0142532,"qty":67884.0,"usd_size":981.806292,"trade_time":1773239808188},{"symbol":"PIXEL","side":"BUY","price":0.014432,"avg_price":0.0142518,"qty":52597.0,"usd_size":759.079904,"trade_time":1773239805704},{"symbol":"PIXEL","side":"BUY","price":0.014382,"avg_price":0.014247,"qty":547.0,"usd_size":7.866954000000001,"trade_time":1773239804679},{"symbol":"PIXEL","side":"BUY","price":0.014379,"avg_price":0.0141845,"qty":18090.0,"usd_size":260.11611,"trade_time":1773239803625},{"symbol":"PIXEL","side":"BUY","price":0.014372,"avg_price":0.0141592,"qty":81376.0,"usd_size":1169.535872,"trade_time":1773239801535},{"symbol":"TRIA","side":"BUY","price":0.02876,"avg_price":0.0283788,"qty":44408.0,"usd_size":1277.17408,"trade_time":1773239801060},{"symbol":"PIXEL","side":"BUY","price":0.01437,"avg_price":0.014132,"qty":7691.0,"usd_size":110.51967,"trade_time":1773239799726},{"symbol":"TRIA","side":"BUY","price":0.02875,"avg_price":0.02839,"qty":4133.0,"usd_size":118.82375,"trade_time":1773239798675},{"symbol":"PIXEL","side":"BUY","price":0.014348,"avg_price":0.0141582,"qty":38233.0,"usd_size":548.567084,"trade_time":1773239796113},{"symbol":"ACX","side":"BUY","price":0.05414,"avg_price":0.053405,"qty":4338.0,"usd_size":234.85932,"trade_time":1773239796113},{"symbol":"TRIA","side":"BUY","price":0.02873,"avg_price":0.02838,"qty":464.0,"usd_size":13.33072,"trade_time":1773239795711},{"symbol":"ACX","side":"BUY","price":0.05404,"avg_price":0.0533509,"qty":7967.8,"usd_size":430.579912,"trade_time":1773239793196},{"symbol":"TRIA","side":"BUY","price":0.02869,"avg_price":0.02836,"qty":4415.0,"usd_size":126.66635,"trade_time":1773239792992},{"symbol":"PIXEL","side":"BUY","price":0.0143399,"avg_price":0.0141102,"qty":130060.0,"usd_size":1865.047394,"trade_time":1773239789407},{"symbol":"PIXEL","side":"BUY","price":0.014362,"avg_price":0.014124,"qty":6837.0,"usd_size":98.192994,"trade_time":1773239788383},{"symbol":"EUL","side":"BUY","price":0.935,"avg_price":0.922,"qty":18.5,"usd_size":17.2975,"trade_time":1773239787730},{"symbol":"PIXEL","side":"BUY","price":0.014311,"avg_price":0.0141743,"qty":109059.0,"usd_size":1560.743349,"trade_time":1773239787249},{"symbol":"BTCUSDC","side":"BUY","price":71013.4,"avg_price":70699.0,"qty":0.012,"usd_size":852.1608,"trade_time":1773239784915},{"symbol":"SOLUSDC","side":"BUY","price":87.17,"avg_price":86.72,"qty":11.58,"usd_size":1009.4286000000001,"trade_time":1773239784480},{"symbol":"BTC","side":"BUY","price":71013.3,"avg_price":70717.7,"qty":0.06,"usd_size":4260.798,"trade_time":1773239783537},{"symbol":"SOL","side":"BUY","price":87.18,"avg_price":86.75,"qty":25.32,"usd_size":2207.3976000000002,"trade_time":1773239783409},{"symbol":"XMR","side":"BUY","price":354.86,"avg_price":351.99,"qty":0.184,"usd_size":65.29424,"trade_time":1773239782903},{"symbol":"ETHUSDC","side":"BUY","price":2073.29,"avg_price":2065.68,"qty":0.021,"usd_size":43.53909,"trade_time":1773239782449},{"symbol":"BTC","side":"BUY","price":71002.2,"avg_price":70730.2,"qty":0.078,"usd_size":5538.1716,"trade_time":1773239782308},{"symbol":"BTCUSDC","side":"BUY","price":71002.8,"avg_price":70726.6,"qty":0.079,"usd_size":5609.2212,"trade_time":1773239782226},{"symbol":"SOL","side":"BUY","price":87.13,"avg_price":86.76,"qty":28.65,"usd_size":2496.2744999999995,"trade_time":1773239781910},{"symbol":"BTC","side":"BUY","price":70978.0,"avg_price":70699.9,"qty":0.002,"usd_size":141.956,"trade_time":1773239781058},{"symbol":"ETH","side":"BUY","price":2072.41,"avg_price":2064.84,"qty":1.154,"usd_size":2391.56114,"trade_time":1773239774731},{"symbol":"BTC","side":"BUY","price":70960.5,"avg_price":70684.73,"qty":0.106,"usd_size":7521.813,"trade_time":1773239774374},{"symbol":"BTCUSDC","side":"BUY","price":70958.1,"avg_price":70685.0,"qty":0.07,"usd_size":4967.067000000001,"trade_time":1773239774322},{"symbol":"BTC","side":"BUY","price":70934.6,"avg_price":70655.0,"qty":0.09,"usd_size":6384.1140000000005,"trade_time":1773239772410},{"symbol":"ETH","side":"BUY","price":2071.92,"avg_price":2063.73,"qty":0.052,"usd_size":107.73984,"trade_time":1773239772127},{"symbol":"ETH","side":"BUY","price":2071.67,"avg_price":2063.83,"qty":3.0,"usd_size":6215.01,"trade_time":1773239770160},{"symbol":"COLLECT","side":"BUY","price":0.06016,"avg_price":0.05881,"qty":875.0,"usd_size":52.64,"trade_time":1773239768446},{"symbol":"ACX","side":"SELL","price":0.05225,"avg_price":0.0529,"qty":2118.5,"usd_size":110.691625,"trade_time":1773239767285},{"symbol":"COLLECT","side":"BUY","price":0.05984,"avg_price":0.0587727,"qty":5139.0,"usd_size":307.51776,"trade_time":1773239763537},{"symbol":"PIXEL","side":"BUY","price":0.01428,"avg_price":0.0140709,"qty":12952.0,"usd_size":184.95456,"trade_time":1773239762732},{"symbol":"ICP","side":"SELL","price":2.695,"avg_price":2.718,"qty":242.0,"usd_size":652.1899999999999,"trade_time":1773239762330},{"symbol":"ACX","side":"BUY","price":0.05482,"avg_price":0.05293,"qty":197.5,"usd_size":10.82695,"trade_time":1773239757231},{"symbol":"ACE","side":"SELL","price":0.153738,"avg_price":0.1567,"qty":664.86,"usd_size":102.21424668000002,"trade_time":1773239755706},{"symbol":"POWER","side":"SELL","price":0.118,"avg_price":0.12005,"qty":53.0,"usd_size":6.254,"trade_time":1773239755636},{"symbol":"PIXEL","side":"BUY","price":0.014245,"avg_price":0.014034,"qty":364.0,"usd_size":5.18518,"trade_time":1773239755338},{"symbol":"ACX","side":"BUY","price":0.05464,"avg_price":0.0531959,"qty":8169.3,"usd_size":446.37055200000003,"trade_time":1773239755180},{"symbol":"ACX","side":"BUY","price":0.05423,"avg_price":0.0531609,"qty":1904.7,"usd_size":103.291881,"trade_time":1773239753209},{"symbol":"ACX","side":"BUY","price":0.05388,"avg_price":0.05306,"qty":204.5,"usd_size":11.01846,"trade_time":1773239751280},{"symbol":"ACX","side":"BUY","price":0.05368,"avg_price":0.0528039,"qty":57148.7,"usd_size":3067.7422159999996,"trade_time":1773239747679},{"symbol":"ACX","side":"BUY","price":0.05343,"avg_price":0.0528523,"qty":3923.1,"usd_size":209.611233,"trade_time":1773239746146},{"symbol":"WLFI","side":"BUY","price":0.104,"avg_price":0.103,"qty":4256.0,"usd_size":442.62399999999997,"trade_time":1773239731656},{"symbol":"HYPE","side":"BUY","price":37.141,"avg_price":36.773,"qty":7.21,"usd_size":267.78661,"trade_time":1773239729821},{"symbol":"BTC","side":"BUY","price":70892.5,"avg_price":70610.6,"qty":0.552,"usd_size":39132.66,"trade_time":1773239728731},{"symbol":"HYPE","side":"BUY","price":37.126,"avg_price":36.787,"qty":21.19,"usd_size":786.69994,"trade_time":1773239727949},{"symbol":"PIXEL","side":"BUY","price":0.014223,"avg_price":0.014042,"qty":1614.0,"usd_size":22.955921999999997,"trade_time":1773239727599},{"symbol":"ETH","side":"BUY","price":2070.96,"avg_price":2062.71,"qty":0.064,"usd_size":132.54144,"trade_time":1773239727538},{"symbol":"PIXEL","side":"BUY","price":0.014211,"avg_price":0.0140371,"qty":39565.0,"usd_size":562.258215,"trade_time":1773239726570},{"symbol":"HEMI","side":"BUY","price":0.00793,"avg_price":0.00776,"qty":6903.0,"usd_size":54.74079,"trade_time":1773239726500},{"symbol":"BTC","side":"BUY","price":70873.4,"avg_price":70600.0,"qty":0.011,"usd_size":779.6073999999999,"trade_time":1773239726362},{"symbol":"HYPE","side":"BUY","price":37.102,"avg_price":36.762,"qty":15.0,"usd_size":556.53,"trade_time":1773239725250},{"symbol":"ETH","side":"BUY","price":2070.24,"avg_price":2062.38,"qty":0.307,"usd_size":635.56368,"trade_time":1773239725088},{"symbol":"BTC","side":"BUY","price":70834.5,"avg_price":70591.6,"qty":0.808,"usd_size":57234.276000000005,"trade_time":1773239724282},{"symbol":"HYPE","side":"BUY","price":37.212,"avg_price":36.78386,"qty":25749.92,"usd_size":958206.02304,"trade_time":1773239723471},{"symbol":"BERA","side":"BUY","price":0.5868,"avg_price":0.5813,"qty":30.0,"usd_size":17.604,"trade_time":1773239719445},{"symbol":"HYPE","side":"BUY","price":37.057,"avg_price":36.71,"qty":5.64,"usd_size":209.00148,"trade_time":1773239718517},{"symbol":"HYPE","side":"BUY","price":37.022,"avg_price":36.682,"qty":33.19,"usd_size":1228.7601799999998,"trade_time":1773239716231},{"symbol":"HYPE","side":"BUY","price":36.989,"avg_price":36.64158,"qty":2.0,"usd_size":73.978,"trade_time":1773239712231},{"symbol":"ETH","side":"BUY","price":2069.29,"avg_price":2060.76,"qty":5.212,"usd_size":10785.13948,"trade_time":1773239711325},{"symbol":"MAV","side":"SELL","price":0.01662,"avg_price":0.01682,"qty":1084.0,"usd_size":18.01608,"trade_time":1773239710065},{"symbol":"HYPE","side":"BUY","price":37.057,"avg_price":36.6007,"qty":1428.98,"usd_size":52953.71186,"trade_time":1773239709699},{"symbol":"MAV","side":"SELL","price":0.01671,"avg_price":0.01687,"qty":1438.0,"usd_size":24.028979999999997,"trade_time":1773239707283},{"symbol":"ZEREBRO","side":"BUY","price":0.00863,"avg_price":0.008197,"qty":879.0,"usd_size":7.58577,"trade_time":1773239706714},{"symbol":"ETH","side":"BUY","price":2068.89,"avg_price":2060.35,"qty":0.035,"usd_size":72.41115,"trade_time":1773239706653},{"symbol":"HYPE","side":"BUY","price":36.935,"avg_price":36.575,"qty":6.5,"usd_size":240.07750000000001,"trade_time":1773239706458},{"symbol":"ACX","side":"BUY","price":0.05316,"avg_price":0.05157,"qty":5078.5,"usd_size":269.97306,"trade_time":1773239706359},{"symbol":"ROBO","side":"BUY","price":0.04092,"avg_price":0.04033,"qty":5775.0,"usd_size":236.313,"trade_time":1773239706183},{"symbol":"MAV","side":"SELL","price":0.0168,"avg_price":0.0169679,"qty":206905.0,"usd_size":3476.004,"trade_time":1773239706130},{"symbol":"HYPE","side":"BUY","price":36.965,"avg_price":36.5704,"qty":730.33,"usd_size":26996.648450000004,"trade_time":1773239705407},{"symbol":"HYPE","side":"BUY","price":36.89,"avg_price":36.559,"qty":6.77,"usd_size":249.7453,"trade_time":1773239704178},{"symbol":"HUMA","side":"SELL","price":0.019455,"avg_price":0.0196078,"qty":111540.0,"usd_size":2170.0107,"trade_time":1773239704133},{"symbol":"ACX","side":"BUY","price":0.05297,"avg_price":0.0518205,"qty":23992.1,"usd_size":1270.861537,"trade_time":1773239703340},{"symbol":"ZEREBRO","side":"BUY","price":0.00861,"avg_price":0.008228,"qty":815.0,"usd_size":7.01715,"trade_time":1773239703199},{"symbol":"HYPE","side":"BUY","price":37.435,"avg_price":36.52553,"qty":52.53,"usd_size":1966.4605500000002,"trade_time":1773239702702},{"symbol":"ACX","side":"BUY","price":0.0528,"avg_price":0.0519242,"qty":6645.8,"usd_size":350.89824,"trade_time":1773239699610},{"symbol":"PIXEL","side":"BUY","price":0.014281,"avg_price":0.0140256,"qty":4395.0,"usd_size":62.764995,"trade_time":1773239697945},{"symbol":"ACX","side":"BUY","price":0.05258,"avg_price":0.0519915,"qty":24451.4,"usd_size":1285.654612,"trade_time":1773239697402},{"symbol":"PIXEL","side":"BUY","price":0.014265,"avg_price":0.0140548,"qty":3704.0,"usd_size":52.837559999999996,"trade_time":1773239696288},{"symbol":"PIXEL","side":"BUY","price":0.014239,"avg_price":0.014071,"qty":28492.0,"usd_size":405.697588,"trade_time":1773239695280},{"symbol":"PIXEL","side":"BUY","price":0.014203,"avg_price":0.014023,"qty":16017.0,"usd_size":227.489451,"trade_time":1773239692704},{"symbol":"PIXEL","side":"BUY","price":0.014178,"avg_price":0.0139728,"qty":29002.0,"usd_size":411.190356,"trade_time":1773239690400},{"symbol":"PIXEL","side":"BUY","price":0.014162,"avg_price":0.013966,"qty":524.0,"usd_size":7.420888,"trade_time":1773239688267},{"symbol":"PIXEL","side":"BUY","price":0.014159,"avg_price":0.0139629,"qty":25253.0,"usd_size":357.557227,"trade_time":1773239687080},{"symbol":"CRCL","side":"SELL","price":109.16,"avg_price":114.89,"qty":3.95,"usd_size":431.182,"trade_time":1773239685426},{"symbol":"PIXEL","side":"BUY","price":0.014138,"avg_price":0.013934,"qty":1569.0,"usd_size":22.182522,"trade_time":1773239683683},{"symbol":"PIXEL","side":"BUY","price":0.0141298,"avg_price":0.0139223,"qty":75005.0,"usd_size":1059.805649,"trade_time":1773239679607},{"symbol":"PIXEL","side":"BUY","price":0.014089,"avg_price":0.0139095,"qty":56571.0,"usd_size":797.028819,"trade_time":1773239678315},{"symbol":"ACX","side":"BUY","price":0.05207,"avg_price":0.0513733,"qty":22018.5,"usd_size":1146.503295,"trade_time":1773239677506},{"symbol":"ACX","side":"SELL","price":0.05,"avg_price":0.051,"qty":12230.2,"usd_size":611.5100000000001,"trade_time":1773239672580},{"symbol":"PLAY","side":"BUY","price":0.03735,"avg_price":0.0369199,"qty":1525.0,"usd_size":56.95875,"trade_time":1773239672471},{"symbol":"DEGO","side":"BUY","price":0.6306265,"avg_price":0.6,"qty":140.6,"usd_size":88.6660859,"trade_time":1773239670389},{"symbol":"DEGO","side":"BUY","price":0.6305,"avg_price":0.6007335,"qty":697.4,"usd_size":439.7107,"trade_time":1773239669244},{"symbol":"ACE","side":"SELL","price":0.15315,"avg_price":0.156035,"qty":7326.09,"usd_size":1121.9906835000002,"trade_time":1773239666385},{"symbol":"TRB","side":"SELL","price":15.534,"avg_price":15.689,"qty":4.6,"usd_size":71.4564,"trade_time":1773239662339},{"symbol":"BAND","side":"BUY","price":0.233,"avg_price":0.2288,"qty":838.7,"usd_size":195.41710000000003,"trade_time":1773239652604},{"symbol":"MAV","side":"SELL","price":0.01691,"avg_price":0.01709,"qty":947.0,"usd_size":16.01377,"trade_time":1773239652599},{"symbol":"ETHUSDC","side":"SELL","price":2048.21,"avg_price":2055.98,"qty":0.446,"usd_size":913.50166,"trade_time":1773239649279},{"symbol":"MAV","side":"SELL","price":0.01712,"avg_price":0.0172451,"qty":5633.0,"usd_size":96.43696,"trade_time":1773239646493},{"symbol":"MAV","side":"SELL","price":0.01755,"avg_price":0.01755,"qty":8296.0,"usd_size":145.5948,"trade_time":1773239645134},{"symbol":"PUMP","side":"SELL","price":0.002013,"avg_price":0.002033,"qty":124142.0,"usd_size":249.89784600000002,"trade_time":1773239644576},{"symbol":"ENSO","side":"SELL","price":1.091,"avg_price":1.107089,"qty":2977.9,"usd_size":3248.8889,"trade_time":1773239644134},{"symbol":"PHA","side":"SELL","price":0.03059,"avg_price":0.03102,"qty":192.0,"usd_size":5.873279999999999,"trade_time":1773239640390},{"symbol":"PIXEL","side":"BUY","price":0.014026,"avg_price":0.013847,"qty":849.0,"usd_size":11.908074000000001,"trade_time":1773239640347},{"symbol":"MAV","side":"BUY","price":0.01842,"avg_price":0.01822,"qty":5013.0,"usd_size":92.33945999999999,"trade_time":1773239634255},{"symbol":"ACX","side":"SELL","price":0.05004,"avg_price":0.05077,"qty":502.2,"usd_size":25.130088,"trade_time":1773239634160},{"symbol":"LYN","side":"SELL","price":0.34697,"avg_price":0.3556753,"qty":54.0,"usd_size":18.73638,"trade_time":1773239632597},{"symbol":"PIXEL","side":"BUY","price":0.014007,"avg_price":0.0137774,"qty":72987.0,"usd_size":1022.3289090000001,"trade_time":1773239632354},{"symbol":"MAV","side":"BUY","price":0.01817,"avg_price":0.01799,"qty":9874.0,"usd_size":179.41057999999998,"trade_time":1773239631509},{"symbol":"MAV","side":"BUY","price":0.01814,"avg_price":0.01784,"qty":6129.0,"usd_size":111.18006,"trade_time":1773239628576},{"symbol":"ACX","side":"SELL","price":0.05063,"avg_price":0.05096,"qty":1189.3,"usd_size":60.214259,"trade_time":1773239620335},{"symbol":"LYN","side":"SELL","price":0.34733,"avg_price":0.35697,"qty":21.0,"usd_size":7.2939300000000005,"trade_time":1773239611846},{"symbol":"LYN","side":"SELL","price":0.34803,"avg_price":0.3565978,"qty":223.0,"usd_size":77.61069,"trade_time":1773239607639},{"symbol":"AI","side":"SELL","price":0.0224,"avg_price":0.02267,"qty":6650.0,"usd_size":148.96,"trade_time":1773239607110},{"symbol":"AIXBT","side":"SELL","price":0.02674,"avg_price":0.0269793,"qty":27716.0,"usd_size":741.12584,"trade_time":1773239603542},{"symbol":"DEGO","side":"BUY","price":0.6274,"avg_price":0.5967,"qty":105.1,"usd_size":65.93973999999999,"trade_time":1773239603272},{"symbol":"PIXEL","side":"SELL","price":0.0135034,"avg_price":0.013698,"qty":294364.0,"usd_size":3974.9148376000003,"trade_time":1773239602674},{"symbol":"DEGO","side":"BUY","price":0.6267,"avg_price":0.5980182,"qty":22.5,"usd_size":14.100750000000001,"trade_time":1773239601650},{"symbol":"PIXEL","side":"SELL","price":0.013479,"avg_price":0.013693,"qty":570.0,"usd_size":7.68303,"trade_time":1773239601114},{"symbol":"PLAY","side":"SELL","price":0.03601,"avg_price":0.0365277,"qty":12347.0,"usd_size":444.61547,"trade_time":1773239600298},{"symbol":"ACX","side":"BUY","price":0.05305,"avg_price":0.0517053,"qty":21611.0,"usd_size":1146.46355,"trade_time":1773239600157},{"symbol":"HYPE","side":"BUY","price":36.917,"avg_price":36.49923,"qty":819.29,"usd_size":30245.72893,"trade_time":1773239599222},{"symbol":"ACX","side":"BUY","price":0.05289,"avg_price":0.0518074,"qty":17774.8,"usd_size":940.109172,"trade_time":1773239598503},{"symbol":"ACX","side":"BUY","price":0.0527,"avg_price":0.05175,"qty":288.2,"usd_size":15.188139999999999,"trade_time":1773239595516},{"symbol":"ACX","side":"BUY","price":0.0525,"avg_price":0.05182,"qty":715.7,"usd_size":37.57425,"trade_time":1773239593255},{"symbol":"ACX","side":"BUY","price":0.0524,"avg_price":0.05166,"qty":4235.1,"usd_size":221.91924000000003,"trade_time":1773239590151},{"symbol":"ACX","side":"BUY","price":0.0522826,"avg_price":0.0515,"qty":499.3,"usd_size":26.10470218,"trade_time":1773239584452},{"symbol":"PIXEL","side":"SELL","price":0.013517,"avg_price":0.013703,"qty":2248.0,"usd_size":30.386215999999997,"trade_time":1773239583089},{"symbol":"COMP","side":"BUY","price":18.94,"avg_price":18.73,"qty":36.268,"usd_size":686.91592,"trade_time":1773239577552},{"symbol":"ACX","side":"BUY","price":0.05185,"avg_price":0.051162,"qty":4939.8,"usd_size":256.12863,"trade_time":1773239574436},{"symbol":"PIXEL","side":"SELL","price":0.013553,"avg_price":0.013762,"qty":35499.0,"usd_size":481.117947,"trade_time":1773239568618},{"symbol":"MAV","side":"BUY","price":0.01811,"avg_price":0.0178308,"qty":6364.0,"usd_size":115.25204000000001,"trade_time":1773239562151},{"symbol":"PIXEL","side":"SELL","price":0.013635,"avg_price":0.0137613,"qty":35942.0,"usd_size":490.06917,"trade_time":1773239561429},{"symbol":"ACX","side":"BUY","price":0.05199,"avg_price":0.05133,"qty":5195.7,"usd_size":270.124443,"trade_time":1773239557160},{"symbol":"MAV","side":"BUY","price":0.01806,"avg_price":0.01781,"qty":298.0,"usd_size":5.38188,"trade_time":1773239554391},{"symbol":"MAV","side":"BUY","price":0.01805,"avg_price":0.017822,"qty":17751.0,"usd_size":320.40555,"trade_time":1773239553177},{"symbol":"PORTAL","side":"SELL","price":0.01356,"avg_price":0.01383,"qty":18719.5,"usd_size":253.83641999999998,"trade_time":1773239538557},{"symbol":"BTC","side":"SELL","price":70190.6,"avg_price":70463.9,"qty":0.346,"usd_size":24285.9476,"trade_time":1773239537433},{"symbol":"ACX","side":"BUY","price":0.05188,"avg_price":0.05108,"qty":1166.4,"usd_size":60.51283200000001,"trade_time":1773239532633},{"symbol":"ACE","side":"SELL","price":0.153956,"avg_price":0.1563,"qty":31665.61,"usd_size":4875.110653160001,"trade_time":1773239529410},{"symbol":"ACE","side":"SELL","price":0.1536,"avg_price":0.1563,"qty":596.68,"usd_size":91.65004799999998,"trade_time":1773239528107},{"symbol":"ACX","side":"BUY","price":0.05122,"avg_price":0.05058,"qty":330.9,"usd_size":16.948698,"trade_time":1773239528024},{"symbol":"ETH","side":"SELL","price":2050.89,"avg_price":2058.26,"qty":4.0,"usd_size":8203.56,"trade_time":1773239527875},{"symbol":"RONIN","side":"SELL","price":0.104404,"avg_price":0.1051,"qty":278.1,"usd_size":29.034752400000002,"trade_time":1773239527750},{"symbol":"XAI","side":"SELL","price":0.01234,"avg_price":0.01248,"qty":1955.0,"usd_size":24.1247,"trade_time":1773239527227}